timestamp,bid_price,bid_size,ask_price,ask_size
2025-09-18T19:31:03.204476,0.67,4159.6,0.67393,1097.2
2025-09-18T19:31:03.497957,0.67,4159.6,0.67393,1096.8
2025-09-18T19:31:03.498985,0.67,4159.6,0.67393,956.8
2025-09-18T19:31:03.501296,0.67,4159.6,0.67393,956.8
2025-09-18T19:31:03.516897,0.67,4159.6,0.67393,1095.8
2025-09-18T19:31:03.524523,0.67,4159.6,0.67393,1063.7
2025-09-18T19:31:03.537978,0.67,4159.6,0.67393,1050.3
2025-09-18T19:31:03.553130,0.67,4159.6,0.67662,2194.4
2025-09-18T19:31:03.553996,0.67,4159.6,0.67696,2000.0
2025-09-18T19:31:03.567576,0.67,4159.6,0.67696,2000.0
2025-09-18T19:31:03.783453,0.67,4159.6,0.67696,2000.0
2025-09-18T19:31:03.783672,0.67,4159.6,0.67696,2000.0
2025-09-18T19:31:03.783981,0.67,4159.6,0.67696,2000.0
2025-09-18T19:31:03.784869,0.67,4159.6,0.67696,2000.0
2025-09-18T19:31:03.853825,0.67,4159.6,0.67696,2000.0
2025-09-18T19:31:03.961786,0.67,4159.6,0.67696,2000.0
2025-09-18T19:31:03.963949,0.67,4159.6,0.67696,2000.0
2025-09-18T19:31:03.965100,0.67,4159.6,0.67696,2000.0
2025-09-18T19:31:04.005913,0.67,4159.6,0.67696,2000.0
2025-09-18T19:31:04.015694,0.67,4159.6,0.67696,2000.0
2025-09-18T19:31:06.106358,0.67,4159.6,0.67696,2000.0
2025-09-18T19:31:06.687625,0.67,4159.6,0.67696,2000.0
2025-09-18T19:31:06.691215,0.67,4159.6,0.67696,2000.0
2025-09-18T19:31:06.695315,0.67,4159.6,0.67696,2000.0
2025-09-18T19:31:07.341152,0.67,4159.6,0.67696,2000.0
2025-09-18T19:31:07.449749,0.67,4159.6,0.67696,2000.0
2025-09-18T19:31:07.452787,0.67,4159.6,0.67696,2000.0
2025-09-18T19:31:07.525459,0.67,4159.6,0.67696,2000.0
2025-09-18T19:31:07.528032,0.67,4159.6,0.67696,2000.0
2025-09-18T19:31:07.530939,0.67,4159.6,0.67696,2000.0
2025-09-18T19:31:08.433139,0.67,4159.6,0.67696,2000.0
2025-09-18T19:31:08.810847,0.67,4159.6,0.67696,2000.0
2025-09-18T19:31:08.814161,0.67,4159.6,0.67696,2000.0
2025-09-18T19:31:08.817622,0.67,4159.6,0.67696,2000.0
2025-09-18T19:31:09.704136,0.67,4159.6,0.67696,2000.0
2025-09-18T19:31:09.785606,0.67,4159.6,0.67696,2000.0
2025-09-18T19:31:09.796960,0.67,4159.6,0.67696,2000.0
2025-09-18T19:31:09.797311,0.67,4159.6,0.67696,2000.0
2025-09-18T19:31:09.805667,0.67,4159.6,0.67696,2000.0
2025-09-18T19:31:09.806292,0.67,4159.6,0.67696,2000.0
2025-09-18T19:31:10.266617,0.67,4159.6,0.67696,2000.0
2025-09-18T19:31:10.267780,0.67,4159.6,0.67696,2000.0
2025-09-18T19:31:10.302855,0.67,4159.6,0.67696,2000.0
2025-09-18T19:31:10.732698,0.67,4159.6,0.67696,2000.0
2025-09-18T19:31:10.733079,0.67,4159.6,0.67696,2000.0
2025-09-18T19:31:11.182892,0.67,4159.6,0.67696,2000.0
2025-09-18T19:31:11.217245,0.67,4159.6,0.67696,2000.0
2025-09-18T19:31:11.309836,0.67,4159.6,0.67696,2000.0
2025-09-18T19:31:11.310411,0.67,4159.6,0.67696,2000.0
2025-09-18T19:31:11.637314,0.67,4159.6,0.67696,2000.0
2025-09-18T19:31:11.644314,0.67,4159.6,0.67696,2000.0
2025-09-18T19:31:11.653505,0.67,4159.6,0.67696,2000.0
2025-09-18T19:31:11.709396,0.67,4159.6,0.67696,2000.0
2025-09-18T19:31:11.714105,0.67,4159.6,0.67696,2000.0
2025-09-18T19:31:12.237797,0.67,4159.6,0.67696,2000.0
2025-09-18T19:31:12.474229,0.67,4159.6,0.67696,2000.0
2025-09-18T19:31:12.475603,0.67,4159.6,0.67696,2000.0
2025-09-18T19:31:12.478800,0.67,4159.6,0.67696,2000.0
2025-09-18T19:31:12.752281,0.67,4159.6,0.67696,2000.0
2025-09-18T19:31:12.757402,0.67,4159.6,0.67696,2000.0
2025-09-18T19:31:12.763655,0.67,4159.6,0.67696,2000.0
2025-09-18T19:31:13.129341,0.67,4159.6,0.67696,2000.0
2025-09-18T19:31:13.141231,0.67,4159.6,0.67696,2000.0
2025-09-18T19:31:13.142016,0.67,4159.6,0.67696,2000.0
2025-09-18T19:31:13.155952,0.67,4159.6,0.67696,2000.0
2025-09-18T19:31:13.190622,0.67,4159.6,0.67696,2000.0
2025-09-18T19:31:13.196581,0.67,4159.6,0.67696,2000.0
2025-09-18T19:31:13.198671,0.67,4159.6,0.67696,2000.0
2025-09-18T19:31:13.627301,0.67,4159.6,0.67696,2000.0
2025-09-18T19:31:13.628220,0.67,4159.6,0.67696,2000.0
2025-09-18T19:31:13.634392,0.67,4159.6,0.67696,2000.0
2025-09-18T19:31:13.643063,0.67,4159.6,0.67696,2000.0
2025-09-18T19:31:13.666949,0.67,4159.6,0.67696,2000.0
2025-09-18T19:31:14.577947,0.67,4159.6,0.67696,2000.0
2025-09-18T19:31:14.582394,0.67,4159.6,0.67696,2000.0
2025-09-18T19:31:14.586078,0.67,4159.6,0.67696,2000.0
2025-09-18T19:31:15.199998,0.67,4159.6,0.67696,2000.0
2025-09-18T19:31:15.208038,0.67,4159.6,0.67696,2000.0
2025-09-18T19:31:15.213492,0.67,4159.6,0.67696,2000.0
2025-09-18T19:31:15.374164,0.67,4159.6,0.67696,2000.0
2025-09-18T19:31:15.382988,0.67,4159.6,0.67696,2000.0
2025-09-18T19:31:15.388056,0.67,4159.6,0.67696,2000.0
2025-09-18T19:31:15.473328,0.67,4159.6,0.67696,2000.0
2025-09-18T19:31:15.617738,0.67,4159.6,0.67696,2000.0
2025-09-18T19:31:15.625105,0.67,4159.6,0.67696,2000.0
2025-09-18T19:31:15.627939,0.67,4159.6,0.67696,2000.0
2025-09-18T19:31:15.630759,0.67,4159.6,0.67696,2000.0
2025-09-18T19:31:15.975277,0.67,4159.6,0.67696,2000.0
2025-09-18T19:31:16.150679,0.67,4159.6,0.67696,2000.0
2025-09-18T19:31:16.263141,0.67,4159.6,0.67696,2000.0
2025-09-18T19:31:16.302669,0.67,4159.6,0.67696,2000.0
2025-09-18T19:31:16.310270,0.67,4159.6,0.67696,2000.0
2025-09-18T19:31:16.877316,0.67,4159.6,0.67696,2000.0
2025-09-18T19:31:17.016107,0.67,4159.6,0.67696,2000.0
2025-09-18T19:31:17.024296,0.67,4159.6,0.67696,2000.0
2025-09-18T19:31:17.027342,0.67,4159.6,0.67696,2000.0
2025-09-18T19:31:17.435755,0.67,4159.6,0.67696,2000.0
2025-09-18T19:31:17.680705,0.67,4159.6,0.67696,2000.0
2025-09-18T19:31:17.685292,0.67,4159.6,0.67696,2000.0
2025-09-18T19:31:17.692698,0.67,4159.6,0.67696,2000.0
2025-09-18T19:31:17.699933,0.67,4159.6,0.67696,2000.0
2025-09-18T19:31:17.714920,0.67,4159.6,0.67696,2000.0
2025-09-18T19:31:17.784130,0.67,4159.6,0.67696,2000.0
2025-09-18T19:31:17.787722,0.67,4159.6,0.67696,2000.0
2025-09-18T19:31:17.796376,0.67,4159.6,0.67696,2000.0
2025-09-18T19:31:18.081303,0.67,4159.6,0.67696,2000.0
2025-09-18T19:31:18.086802,0.67,4159.6,0.67696,2000.0
2025-09-18T19:31:18.094056,0.67,4159.6,0.67696,2000.0
2025-09-18T19:31:18.476817,0.67,4159.6,0.67696,2000.0
2025-09-18T19:31:18.497149,0.67,4159.6,0.67696,2000.0
2025-09-18T19:31:18.501439,0.67,4159.6,0.67696,2000.0
2025-09-18T19:31:18.505375,0.67,4159.6,0.67696,2000.0
2025-09-18T19:31:18.599108,0.67,4159.6,0.67696,2000.0
2025-09-18T19:31:18.601423,0.67,4159.6,0.67696,4149.3
2025-09-18T19:31:18.765054,0.67,4159.6,0.67696,4149.3
2025-09-18T19:31:19.063490,0.67,4159.6,0.67696,2000.0
2025-09-18T19:31:19.069113,0.67,4159.6,0.67696,2000.0
2025-09-18T19:31:19.323130,0.67,4159.6,0.67696,2000.0
2025-09-18T19:31:19.326236,0.67,4159.6,0.67696,2000.0
2025-09-18T19:31:19.331410,0.67,4159.6,0.67696,2000.0
2025-09-18T19:31:19.337560,0.67,4159.6,0.67696,2000.0
2025-09-18T19:31:19.499330,0.67,4159.6,0.67696,2000.0
2025-09-18T19:31:19.504198,0.67,4159.6,0.67696,2000.0
2025-09-18T19:31:19.511556,0.67,4159.6,0.67696,2000.0
2025-09-18T19:31:19.610233,0.67,4159.6,0.67696,2000.0
2025-09-18T19:31:19.613131,0.67,4159.6,0.67696,2000.0
2025-09-18T19:31:19.616722,0.67,4159.6,0.67696,2000.0
2025-09-18T19:31:19.729861,0.67,4159.6,0.67696,2000.0
2025-09-18T19:31:19.736224,0.67,4159.6,0.67696,2000.0
2025-09-18T19:31:19.746513,0.67,4159.6,0.67696,2000.0
2025-09-18T19:31:20.137477,0.67,4159.6,0.67696,2000.0
2025-09-18T19:31:20.521893,0.67,4159.6,0.67696,2000.0
2025-09-18T19:31:20.526461,0.67,4159.6,0.67696,2000.0
2025-09-18T19:31:20.886121,0.67,4159.6,0.67696,2000.0
2025-09-18T19:31:20.905571,0.67,4159.6,0.67696,2000.0
2025-09-18T19:31:20.913489,0.67,19085.1,0.67696,2000.0
2025-09-18T19:31:20.922374,0.67,19085.1,0.67696,2000.0
2025-09-18T19:31:20.926101,0.67,19085.1,0.67696,2000.0
2025-09-18T19:31:21.195061,0.67,19085.1,0.67696,2000.0
2025-09-18T19:31:21.202740,0.67,4159.6,0.67696,2000.0
2025-09-18T19:31:21.209434,0.67,4159.6,0.67696,2000.0
2025-09-18T19:31:21.572334,0.67,4159.6,0.67696,2000.0
2025-09-18T19:31:21.582119,0.67,4159.6,0.67696,2000.0
2025-09-18T19:31:21.584725,0.67,4159.6,0.67696,2000.0
2025-09-18T19:31:21.798746,0.67,4159.6,0.67696,2000.0
2025-09-18T19:31:21.802621,0.67,4159.6,0.67696,2000.0
2025-09-18T19:31:21.808568,0.67,4159.6,0.67696,2000.0
2025-09-18T19:31:22.309285,0.67,4159.6,0.67696,2000.0
2025-09-18T19:31:22.410216,0.67,4159.6,0.67696,2000.0
2025-09-18T19:31:22.415344,0.67,4159.6,0.67696,2000.0
2025-09-18T19:31:22.420429,0.67,4159.6,0.67696,2000.0
2025-09-18T19:31:22.563056,0.67,4159.6,0.67696,2000.0
2025-09-18T19:31:22.727524,0.67,4159.6,0.67696,2000.0
2025-09-18T19:31:22.732084,0.67,4159.6,0.67696,2000.0
2025-09-18T19:31:22.738028,0.67,4159.6,0.67696,2000.0
2025-09-18T19:31:22.745789,0.67,4159.6,0.67696,2000.0
2025-09-18T19:31:23.116529,0.67,4159.6,0.67696,2000.0
2025-09-18T19:31:23.230086,0.67,4159.6,0.67696,2000.0
2025-09-18T19:31:23.234630,0.67,4159.6,0.67696,2000.0
2025-09-18T19:31:23.317611,0.67,4159.6,0.67806,1056.0
2025-09-18T19:31:23.762973,0.67,4159.6,0.67806,1056.0
2025-09-18T19:31:23.769889,0.67,4159.6,0.67806,1056.0
2025-09-18T19:31:23.776919,0.67,4159.6,0.67806,1056.0
2025-09-18T19:31:23.784325,0.67,4159.6,0.67806,1056.0
2025-09-18T19:31:24.487672,0.67,4159.6,0.67806,1056.0
2025-09-18T19:31:24.488764,0.67,4159.6,0.67806,1056.0
2025-09-18T19:31:24.492715,0.67,4159.6,0.67806,1056.0
2025-09-18T19:31:25.105873,0.67,4159.6,0.67806,1056.0
2025-09-18T19:31:25.107386,0.67,4159.6,0.67806,1056.0
2025-09-18T19:31:25.108517,0.67,4159.6,0.67806,1056.0
2025-09-18T19:31:25.108738,0.67,4159.6,0.67806,1056.0
2025-09-18T19:31:25.487631,0.67,4159.6,0.67806,1056.0
2025-09-18T19:31:25.511066,0.67,4159.6,0.68061,67.1
2025-09-18T19:31:25.674131,0.67,4159.6,0.68061,67.1
2025-09-18T19:31:25.971102,0.67,4159.6,0.68061,67.1
2025-09-18T19:31:25.975364,0.67,4159.6,0.68061,67.1
2025-09-18T19:31:25.979810,0.67,4159.6,0.68061,67.1
2025-09-18T19:31:25.983087,0.67,4159.6,0.68061,67.1
2025-09-18T19:31:26.025447,0.67,4159.6,0.68061,67.1
2025-09-18T19:31:26.165599,0.67,4159.6,0.68061,67.1
2025-09-18T19:31:26.280237,0.67,4159.6,0.68061,67.1
2025-09-18T19:31:26.289593,0.67,4159.6,0.68061,67.1
2025-09-18T19:31:26.808291,0.67,4159.6,0.68061,67.1
2025-09-18T19:31:26.825276,0.67,4159.6,0.68061,67.1
2025-09-18T19:31:26.825736,0.67,4159.6,0.68061,67.1
2025-09-18T19:31:26.942674,0.67,4159.6,0.68061,67.1
2025-09-18T19:31:26.949186,0.67,4159.6,0.68061,67.1
2025-09-18T19:31:26.955318,0.67,4159.6,0.68061,67.1
2025-09-18T19:31:26.957541,0.67,4159.6,0.68061,67.1
2025-09-18T19:31:27.006968,0.67,4159.6,0.68061,67.1
2025-09-18T19:31:27.013698,0.67,4159.6,0.68061,67.1
2025-09-18T19:31:27.014502,0.67,4159.6,0.68061,67.1
2025-09-18T19:31:27.243058,0.67,4159.6,0.68061,67.1
2025-09-18T19:31:27.248088,0.67,4159.6,0.68061,67.1
2025-09-18T19:31:27.250876,0.67,4159.6,0.68061,67.1
2025-09-18T19:31:27.445529,0.67,4159.6,0.68061,67.1
2025-09-18T19:31:27.506082,0.67,4159.6,0.68061,67.1
2025-09-18T19:31:27.507160,0.67,4159.6,0.68061,67.1
2025-09-18T19:31:27.510618,0.67,4159.6,0.68061,67.1
2025-09-18T19:31:27.510967,0.67,4159.6,0.68061,67.1
2025-09-18T19:31:27.561775,0.67,4159.6,0.68061,67.1
2025-09-18T19:31:27.565662,0.67,4159.6,0.68061,67.1
2025-09-18T19:31:27.572127,0.67,4159.6,0.68061,67.1
2025-09-18T19:31:27.720024,0.67,4159.6,0.68061,67.1
2025-09-18T19:31:27.747574,0.67,4159.6,0.68061,67.1
2025-09-18T19:31:27.751763,0.67,4159.6,0.68061,67.1
2025-09-18T19:31:27.756648,0.67,4159.6,0.68061,67.1
2025-09-18T19:31:27.761857,0.67,4159.6,0.68061,67.1
2025-09-18T19:31:27.877399,0.67,4159.6,0.68061,67.1
2025-09-18T19:31:28.064334,0.67,4159.6,0.68061,67.1
2025-09-18T19:31:28.075759,0.67,4159.6,0.68061,67.1
2025-09-18T19:31:28.078740,0.67,4159.6,0.68061,67.1
2025-09-18T19:31:28.086863,0.67,4159.6,0.68061,67.1
2025-09-18T19:31:28.161214,0.67,4159.6,0.68061,67.1
2025-09-18T19:31:28.215829,0.67,4159.6,0.68061,67.1
2025-09-18T19:31:28.222665,0.67,4159.6,0.68061,67.1
2025-09-18T19:31:28.232661,0.67,4159.6,0.68061,67.1
2025-09-18T19:31:28.263053,0.67,4159.6,0.68061,67.1
2025-09-18T19:31:28.276965,0.67,4159.6,0.68061,67.1
2025-09-18T19:31:28.381453,0.67,4159.6,0.68061,67.1
2025-09-18T19:31:28.401804,0.67,4159.6,0.68061,67.1
2025-09-18T19:31:28.408819,0.67,4159.6,0.68061,67.1
2025-09-18T19:31:28.409204,0.67,4159.6,0.68061,67.1
2025-09-18T19:31:28.541555,0.67,4159.6,0.68061,67.1
2025-09-18T19:31:28.544808,0.67,4159.6,0.68061,67.1
2025-09-18T19:31:28.652248,0.67,4159.6,0.68061,67.1
2025-09-18T19:31:28.658821,0.67,4159.6,0.68061,67.1
2025-09-18T19:31:28.713661,0.67,4159.6,0.68061,67.1
2025-09-18T19:31:28.715996,0.67,4159.6,0.68061,67.1
2025-09-18T19:31:28.723410,0.67,4159.6,0.68061,67.1
2025-09-18T19:31:29.005122,0.67,4159.6,0.68061,67.1
2025-09-18T19:31:29.009851,0.67,4159.6,0.68061,67.1
2025-09-18T19:31:29.136773,0.67,4159.6,0.68061,67.1
2025-09-18T19:31:29.139700,0.67,4159.6,0.68061,67.1
2025-09-18T19:31:29.216340,0.67,4159.6,0.68061,67.1
2025-09-18T19:31:29.218005,0.67,4159.6,0.68061,67.1
2025-09-18T19:31:29.259291,0.67,4159.6,0.68061,67.1
2025-09-18T19:31:29.298107,0.67,4159.6,0.68061,67.1
2025-09-18T19:31:29.302957,0.67,4159.6,0.68061,67.1
2025-09-18T19:31:29.404351,0.67,4159.6,0.68061,67.1
2025-09-18T19:31:29.416954,0.67,4159.6,0.68061,67.1
2025-09-18T19:31:29.417883,0.67,4159.6,0.68061,67.1
2025-09-18T19:31:29.537393,0.67,4159.6,0.68061,67.1
2025-09-18T19:31:29.543904,0.67,4159.6,0.68061,67.1
2025-09-18T19:31:29.563452,0.67,4159.6,0.68061,67.1
2025-09-18T19:31:29.570745,0.67,4159.6,0.68061,67.1
2025-09-18T19:31:29.572633,0.67,4159.6,0.68061,67.1
2025-09-18T19:31:29.628151,0.67,4159.6,0.68061,67.1
2025-09-18T19:31:29.630812,0.67,4159.6,0.68061,67.1
2025-09-18T19:31:29.827909,0.67,4159.6,0.68061,67.1
2025-09-18T19:31:29.830341,0.67,4159.6,0.68061,67.1
2025-09-18T19:31:29.833847,0.67,4159.6,0.68061,67.1
2025-09-18T19:31:29.891090,0.67,4159.6,0.68061,67.1
2025-09-18T19:31:29.898786,0.67,4159.6,0.68061,67.1
2025-09-18T19:31:29.923713,0.67,4159.6,0.68061,67.1
2025-09-18T19:31:30.088258,0.67,4159.6,0.68061,67.1
2025-09-18T19:31:30.104658,0.67,4159.6,0.68061,67.1
2025-09-18T19:31:30.107788,0.67,4159.6,0.68061,67.1
2025-09-18T19:31:30.108890,0.67,4159.6,0.68061,67.1
2025-09-18T19:31:30.933082,0.67,4159.6,0.68061,67.1
2025-09-18T19:31:30.956111,0.67,4159.6,0.68061,67.1
2025-09-18T19:31:30.960092,0.67,4159.6,0.68061,67.1
2025-09-18T19:31:30.962398,0.67,4159.6,0.68061,67.1
2025-09-18T19:31:31.127971,0.67,4159.6,0.68061,67.1
2025-09-18T19:31:31.133059,0.67,4159.6,0.68061,67.1
2025-09-18T19:31:31.268936,0.67,4159.6,0.68061,67.1
2025-09-18T19:31:31.270600,0.67,4159.6,0.68061,67.1
2025-09-18T19:31:31.275879,0.67,4159.6,0.68061,67.1
2025-09-18T19:31:31.628954,0.67,4159.6,0.68061,67.1
2025-09-18T19:31:31.630894,0.67,4159.6,0.68061,67.1
2025-09-18T19:31:31.633960,0.67,4159.6,0.68061,67.1
2025-09-18T19:31:31.677591,0.67,4159.6,0.68061,67.1
2025-09-18T19:31:31.678793,0.67,4159.6,0.68061,67.1
2025-09-18T19:31:31.683378,0.67,4159.6,0.68061,67.1
2025-09-18T19:31:31.739438,0.67,4159.6,0.68061,67.1
2025-09-18T19:31:31.791874,0.67,4159.6,0.68061,67.1
2025-09-18T19:31:31.793096,0.67,4159.6,0.68061,67.1
2025-09-18T19:31:31.796104,0.67,4159.6,0.68061,67.1
2025-09-18T19:31:32.118148,0.67,4159.6,0.68061,67.1
2025-09-18T19:31:32.230886,0.67,4159.6,0.68061,67.1
2025-09-18T19:31:32.233409,0.67,4159.6,0.68061,67.1
2025-09-18T19:31:32.473231,0.67,4159.6,0.68061,67.1
2025-09-18T19:31:32.721398,0.67,4159.6,0.68061,67.1
2025-09-18T19:31:33.047940,0.67,4159.6,0.68061,67.1
2025-09-18T19:31:33.051510,0.67,4159.6,0.68061,67.1
2025-09-18T19:31:33.059330,0.67,4159.6,0.68061,67.1
2025-09-18T19:31:33.074007,0.67,4159.6,0.68061,67.1
2025-09-18T19:31:33.074216,0.67,4159.6,0.68061,67.1
2025-09-18T19:31:33.180884,0.67,4159.6,0.68061,67.1
2025-09-18T19:31:33.302650,0.67,4159.6,0.68061,67.1
2025-09-18T19:31:33.311939,0.67,4159.6,0.68061,67.1
2025-09-18T19:31:33.313761,0.67,4159.6,0.68061,67.1
2025-09-18T19:31:33.333469,0.67,4159.6,0.68061,67.1
2025-09-18T19:31:33.341631,0.67,4159.6,0.68061,67.1
2025-09-18T19:31:33.345797,0.67,4159.6,0.68061,67.1
2025-09-18T19:31:33.368839,0.67,4159.6,0.68061,67.1
2025-09-18T19:31:33.371409,0.67,4159.6,0.68061,67.1
2025-09-18T19:31:33.377777,0.67,4159.6,0.68061,67.1
2025-09-18T19:31:33.427077,0.67,4159.6,0.68061,67.1
2025-09-18T19:31:33.466765,0.67,4159.6,0.68061,67.1
2025-09-18T19:31:33.474179,0.67,4159.6,0.68061,67.1
2025-09-18T19:31:33.541725,0.67,4159.6,0.68061,67.1
2025-09-18T19:31:33.543276,0.67,4159.6,0.68061,67.1
2025-09-18T19:31:33.549260,0.67,4159.6,0.68061,67.1
2025-09-18T19:31:33.647581,0.67,4159.6,0.68061,67.1
2025-09-18T19:31:33.651138,0.67,4159.6,0.68061,67.1
2025-09-18T19:31:33.655523,0.67,4159.6,0.68061,67.1
2025-09-18T19:31:33.676088,0.67,4159.6,0.68061,67.1
2025-09-18T19:31:33.684186,0.67,4159.6,0.68061,67.1
2025-09-18T19:31:33.684744,0.67,4159.6,0.68061,67.1
2025-09-18T19:31:33.708241,0.67,4159.6,0.68061,67.1
2025-09-18T19:31:33.712736,0.67,4159.6,0.68061,67.1
2025-09-18T19:31:33.765247,0.67,4159.6,0.68061,67.1
2025-09-18T19:31:33.767836,0.67,4159.6,0.68061,67.1
2025-09-18T19:31:33.768460,0.67,4159.6,0.68061,67.1
2025-09-18T19:31:33.859124,0.67,4159.6,0.68061,67.1
2025-09-18T19:31:33.864781,0.67,4159.6,0.68061,67.1
2025-09-18T19:31:33.869368,0.67,4159.6,0.68061,67.1
2025-09-18T19:31:34.126623,0.67,4159.6,0.68061,67.1
2025-09-18T19:31:34.128361,0.67,4159.6,0.68061,67.1
2025-09-18T19:31:34.150970,0.67,4159.6,0.68061,67.1
2025-09-18T19:31:34.151334,0.67,4159.6,0.68061,67.1
2025-09-18T19:31:34.151658,0.67,4159.6,0.68061,67.1
2025-09-18T19:31:34.205222,0.67,4159.6,0.68061,67.1
2025-09-18T19:31:34.209549,0.67,4159.6,0.68061,67.1
2025-09-18T19:31:34.349565,0.67,4159.6,0.68061,67.1
2025-09-18T19:31:34.356866,0.67,4159.6,0.68061,67.1
2025-09-18T19:31:34.361340,0.67,4159.6,0.68061,67.1
2025-09-18T19:31:34.718422,0.67,4159.6,0.68061,67.1
2025-09-18T19:31:34.728020,0.67,4159.6,0.68061,67.1
2025-09-18T19:31:34.732981,0.67,4159.6,0.68061,67.1
2025-09-18T19:31:34.974137,0.67,4159.6,0.68061,67.1
2025-09-18T19:31:34.983462,0.67,4159.6,0.68061,67.1
2025-09-18T19:31:34.993109,0.67,4159.6,0.68061,67.1
2025-09-18T19:31:34.993449,0.67,4159.6,0.68061,67.1
2025-09-18T19:31:34.994313,0.67,4159.6,0.68061,67.1
2025-09-18T19:31:35.720660,0.67,4159.6,0.68061,67.1
2025-09-18T19:31:35.734028,0.67,4159.6,0.68061,67.1
2025-09-18T19:31:35.734621,0.67,4159.6,0.68061,67.1
2025-09-18T19:31:36.555725,0.67,4159.6,0.68061,67.1
2025-09-18T19:31:36.560550,0.67,4159.6,0.68061,67.1
2025-09-18T19:31:36.831410,0.67,4159.6,0.68061,67.1
2025-09-18T19:31:36.834474,0.67,4159.6,0.68061,67.1
2025-09-18T19:31:37.564619,0.67,4159.6,0.68061,67.1
2025-09-18T19:31:37.730847,0.67,4159.6,0.68061,67.1
2025-09-18T19:31:37.737735,0.67,4159.6,0.68061,67.1
2025-09-18T19:31:37.747726,0.67,4159.6,0.68061,67.1
2025-09-18T19:31:37.748766,0.67,4159.6,0.68061,67.1
2025-09-18T19:31:37.772296,0.67,4159.6,0.68061,67.1
2025-09-18T19:31:37.773998,0.67,4159.6,0.68061,67.1
2025-09-18T19:31:37.778405,0.67,4159.6,0.68061,67.1
2025-09-18T19:31:37.856684,0.67,4159.6,0.68061,67.1
2025-09-18T19:31:37.867646,0.67,4159.6,0.68061,67.1
2025-09-18T19:31:37.884482,0.67,4159.6,0.68061,67.1
2025-09-18T19:31:38.014829,0.67,4159.6,0.68061,67.1
2025-09-18T19:31:38.015852,0.67,4159.6,0.68061,67.1
2025-09-18T19:31:38.023585,0.67,4159.6,0.68061,67.1
2025-09-18T19:31:38.067058,0.67,4159.6,0.68061,67.1
2025-09-18T19:31:38.073164,0.67,4159.6,0.68061,67.1
2025-09-18T19:31:38.090682,0.67,4159.6,0.68061,67.1
2025-09-18T19:31:38.096347,0.67,4159.6,0.68061,67.1
2025-09-18T19:31:38.339690,0.67,4159.6,0.68061,67.1
2025-09-18T19:31:38.348280,0.67,4159.6,0.68061,67.1
2025-09-18T19:31:38.349330,0.67,4159.6,0.68061,67.1
2025-09-18T19:31:38.355629,0.67,4159.6,0.68061,67.1
2025-09-18T19:31:38.545234,0.67,4159.6,0.68061,67.1
2025-09-18T19:31:38.548745,0.67,4159.6,0.68061,67.1
2025-09-18T19:31:38.550517,0.67,4159.6,0.68061,67.1
2025-09-18T19:31:38.762415,0.67,4159.6,0.68061,67.1
2025-09-18T19:31:38.772278,0.67,4159.6,0.68061,67.1
2025-09-18T19:31:38.774012,0.67,4159.6,0.68061,67.1
2025-09-18T19:31:39.073049,0.67,4159.6,0.68061,67.1
2025-09-18T19:31:39.357087,0.67,4159.6,0.68061,67.1
2025-09-18T19:31:39.496026,0.67,4159.6,0.68061,67.1
2025-09-18T19:31:39.503002,0.67,4159.6,0.68061,67.1
2025-09-18T19:31:39.504517,0.67,4159.6,0.68061,67.1
2025-09-18T19:31:39.537066,0.67,4159.6,0.68061,67.1
2025-09-18T19:31:39.540713,0.67,4159.6,0.68061,67.1
2025-09-18T19:31:40.019779,0.67,4159.6,0.68061,67.1
2025-09-18T19:31:40.035452,0.67,4159.6,0.68061,67.1
2025-09-18T19:31:40.040765,0.67,4159.6,0.68061,67.1
2025-09-18T19:31:40.041443,0.67,4159.6,0.68061,67.1
2025-09-18T19:31:40.979825,0.67,4159.6,0.68061,67.1
2025-09-18T19:31:41.096036,0.67,4159.6,0.68061,67.1
2025-09-18T19:31:41.097337,0.67,4159.6,0.68061,67.1
2025-09-18T19:31:41.101903,0.67,4159.6,0.68061,67.1
2025-09-18T19:31:41.400827,0.67,4159.6,0.68061,67.1
2025-09-18T19:31:41.401669,0.67,4159.6,0.68061,67.1
2025-09-18T19:31:41.403150,0.67,4159.6,0.68061,67.1
2025-09-18T19:31:41.793193,0.67,4159.6,0.68061,67.1
2025-09-18T19:31:42.537711,0.67,4159.6,0.68061,67.1
2025-09-18T19:31:42.638735,0.67,4159.6,0.68061,67.1
2025-09-18T19:31:42.644716,0.67,4159.6,0.68061,67.1
2025-09-18T19:31:42.651253,0.67,4159.6,0.68061,67.1
2025-09-18T19:31:42.758322,0.67,4159.6,0.68061,67.1
2025-09-18T19:31:42.767800,0.67,4159.6,0.68061,67.1
2025-09-18T19:31:42.773962,0.67,4159.6,0.68061,67.1
2025-09-18T19:31:42.836206,0.67,4159.6,0.68061,67.1
2025-09-18T19:31:42.923580,0.67,4159.6,0.68061,67.1
2025-09-18T19:31:42.927193,0.67,4159.6,0.68061,67.1
2025-09-18T19:31:42.931808,0.67,4159.6,0.68061,67.1
2025-09-18T19:31:43.126424,0.67,4159.6,0.68061,67.1
2025-09-18T19:31:43.250788,0.67,4159.6,0.68061,67.1
2025-09-18T19:31:43.268199,0.67,4159.6,0.68061,67.1
2025-09-18T19:31:43.279092,0.67,4159.6,0.68061,67.1
2025-09-18T19:31:43.535635,0.67,4159.6,0.68061,67.1
2025-09-18T19:31:43.918202,0.67,4159.6,0.68061,67.1
2025-09-18T19:31:43.927912,0.67,4159.6,0.68061,67.1
2025-09-18T19:31:43.939909,0.67,4159.6,0.68061,67.1
2025-09-18T19:31:44.465390,0.67,4159.6,0.68061,67.1
2025-09-18T19:31:44.479535,0.67,4159.6,0.68061,67.1
2025-09-18T19:31:44.699885,0.67,4159.6,0.68061,67.1
2025-09-18T19:31:44.705171,0.67,4159.6,0.68061,67.1
2025-09-18T19:31:45.045607,0.67,4159.6,0.68061,67.1
2025-09-18T19:31:45.046031,0.67,4159.6,0.68061,67.1
2025-09-18T19:31:45.348040,0.67,4159.6,0.68061,67.1
2025-09-18T19:31:45.564875,0.67,4159.6,0.68061,67.1
2025-09-18T19:31:45.590323,0.67,4159.6,0.68061,67.1
2025-09-18T19:31:45.766194,0.67,4159.6,0.68061,67.1
2025-09-18T19:31:45.814251,0.67,4159.6,0.68061,67.1
2025-09-18T19:31:45.821537,0.67,4159.6,0.68061,67.1
2025-09-18T19:31:45.825786,0.67,4159.6,0.68061,67.1
2025-09-18T19:31:46.140647,0.67,4159.6,0.68061,67.1
2025-09-18T19:31:46.190678,0.67,4159.6,0.68061,67.1
2025-09-18T19:31:46.193300,0.67,4159.6,0.68061,67.1
2025-09-18T19:31:46.204266,0.67,4159.6,0.68061,67.1
2025-09-18T19:31:46.437429,0.67,4159.6,0.68061,67.1
2025-09-18T19:31:46.518075,0.67,4159.6,0.68061,67.1
2025-09-18T19:31:46.519363,0.67,4159.6,0.68061,67.1
2025-09-18T19:31:46.520735,0.67,4159.6,0.68061,67.1
2025-09-18T19:31:46.521944,0.67,4159.6,0.68061,67.1
2025-09-18T19:31:46.705578,0.67,4159.6,0.68061,67.1
2025-09-18T19:31:46.831553,0.67,4159.6,0.68061,67.1
2025-09-18T19:31:46.835388,0.67,4159.6,0.68061,67.1
2025-09-18T19:31:46.840868,0.67,4159.6,0.68061,67.1
2025-09-18T19:31:47.238406,0.67,4159.6,0.68061,67.1
2025-09-18T19:31:47.371070,0.67,4159.6,0.68061,67.1
2025-09-18T19:31:47.381487,0.67,4159.6,0.68061,67.1
2025-09-18T19:31:47.383157,0.67,4159.6,0.68061,67.1
2025-09-18T19:31:47.548686,0.67,4159.6,0.68061,67.1
2025-09-18T19:31:47.554401,0.67,4159.6,0.68061,67.1
2025-09-18T19:31:47.650977,0.67,4159.6,0.68061,67.1
2025-09-18T19:31:47.665813,0.67,4159.6,0.68061,67.1
2025-09-18T19:31:47.684502,0.67,4159.6,0.68061,67.1
2025-09-18T19:31:47.687666,0.67,4159.6,0.68061,67.1
2025-09-18T19:31:47.904726,0.67,4159.6,0.68061,67.1
2025-09-18T19:31:47.908041,0.67,4159.6,0.68061,67.1
2025-09-18T19:31:47.913508,0.67,4159.6,0.68061,67.1
2025-09-18T19:31:48.027169,0.67,4159.6,0.68061,67.1
2025-09-18T19:31:48.033180,0.67,4159.6,0.68061,67.1
2025-09-18T19:31:48.222119,0.67,4159.6,0.68061,67.1
2025-09-18T19:31:48.227040,0.67,4159.6,0.68061,67.1
2025-09-18T19:31:48.236865,0.67,4159.6,0.68061,67.1
2025-09-18T19:31:48.252329,0.67,4159.6,0.68061,67.1
2025-09-18T19:31:48.257877,0.67,4159.6,0.68061,67.1
2025-09-18T19:31:48.414889,0.67,4159.6,0.68061,67.1
2025-09-18T19:31:49.857726,0.67,4159.6,0.68061,67.1
2025-09-18T19:31:49.959739,0.67,4159.6,0.68061,67.1
2025-09-18T19:31:49.967209,0.67,4159.6,0.68061,67.1
2025-09-18T19:31:50.740032,0.67,4159.6,0.68061,67.1
2025-09-18T19:31:50.747922,0.67,4159.6,0.68061,67.1
2025-09-18T19:31:50.756436,0.67,4159.6,0.68061,67.1
2025-09-18T19:31:51.360468,0.67,4159.6,0.68061,67.1
2025-09-18T19:31:51.367194,0.67,4159.6,0.68061,67.1
2025-09-18T19:31:51.376834,0.67,4159.6,0.68061,67.1
2025-09-18T19:31:51.544514,0.67,4159.6,0.68061,67.1
2025-09-18T19:31:51.544920,0.67,4159.6,0.68061,67.1
2025-09-18T19:31:51.554967,0.67,4159.6,0.68061,67.1
2025-09-18T19:31:51.932337,0.67,4159.6,0.68061,67.1
2025-09-18T19:31:51.936487,0.67,4159.6,0.68061,67.1
2025-09-18T19:31:52.063081,0.67,4159.6,0.68061,67.1
2025-09-18T19:31:52.064551,0.67,4159.6,0.68061,67.1
2025-09-18T19:31:52.101500,0.67,4159.6,0.68061,67.1
2025-09-18T19:31:52.127459,0.67,4159.6,0.68061,67.1
2025-09-18T19:31:52.187811,0.67,4159.6,0.68061,67.1
2025-09-18T19:31:52.278399,0.67,4159.6,0.68061,67.1
2025-09-18T19:31:52.413111,0.67,4159.6,0.68061,67.1
2025-09-18T19:31:52.582372,0.67,4159.6,0.68061,67.1
2025-09-18T19:31:52.814273,0.67,4159.6,0.68061,67.1
2025-09-18T19:31:52.816328,0.67,4159.6,0.68061,67.1
2025-09-18T19:31:52.897693,0.67,4159.6,0.68061,67.1
2025-09-18T19:31:52.900685,0.67,4159.6,0.68061,67.1
2025-09-18T19:31:52.909247,0.67,4159.6,0.68061,67.1
2025-09-18T19:31:53.198414,0.67,4159.6,0.68061,67.1
2025-09-18T19:31:53.203763,0.67,4159.6,0.68061,67.1
2025-09-18T19:31:53.211043,0.67,4159.6,0.68061,67.1
2025-09-18T19:31:53.401145,0.67,4159.6,0.68061,67.1
2025-09-18T19:31:53.410614,0.67,4159.6,0.68061,67.1
2025-09-18T19:31:53.413967,0.67,4159.6,0.68061,67.1
2025-09-18T19:31:53.842538,0.67,4159.6,0.68061,67.1
2025-09-18T19:31:53.850006,0.67,4159.6,0.68061,67.1
2025-09-18T19:31:53.920081,0.67,4159.6,0.68061,67.1
2025-09-18T19:31:53.988017,0.67,4159.6,0.68061,67.1
2025-09-18T19:31:53.996258,0.67,4159.6,0.68061,67.1
2025-09-18T19:31:53.997654,0.67,4159.6,0.68061,67.1
2025-09-18T19:31:54.003268,0.67,4159.6,0.68061,67.1
2025-09-18T19:31:54.096536,0.67,4159.6,0.68061,67.1
2025-09-18T19:31:54.123052,0.67,4159.6,0.68061,67.1
2025-09-18T19:31:54.465773,0.67,4159.6,0.68061,67.1
2025-09-18T19:31:54.476785,0.67,4159.6,0.68061,67.1
2025-09-18T19:31:54.561736,0.67,4159.6,0.68061,67.1
2025-09-18T19:31:54.564743,0.67,4159.6,0.68061,67.1
2025-09-18T19:31:54.566713,0.67,4159.6,0.68061,67.1
2025-09-18T19:31:54.609850,0.67,4159.6,0.68061,67.1
2025-09-18T19:31:54.614826,0.67,4159.6,0.68061,67.1
2025-09-18T19:31:54.615142,0.67,4159.6,0.68061,67.1
2025-09-18T19:31:54.950789,0.67,4159.6,0.68061,67.1
2025-09-18T19:31:54.959378,0.67,4159.6,0.68061,67.1
2025-09-18T19:31:54.964930,0.67,4159.6,0.68061,67.1
2025-09-18T19:31:54.986191,0.67,4159.6,0.68061,67.1
2025-09-18T19:31:54.997614,0.67,4159.6,0.68061,67.1
2025-09-18T19:31:55.005061,0.67,4159.6,0.68061,67.1
2025-09-18T19:31:55.008882,0.67,4159.6,0.68061,67.1
2025-09-18T19:31:55.011659,0.67,4159.6,0.68061,67.1
2025-09-18T19:31:55.110324,0.67,4159.6,0.68061,67.1
2025-09-18T19:31:55.121419,0.67,4159.6,0.68061,67.1
2025-09-18T19:31:55.128917,0.67,4159.6,0.68061,67.1
2025-09-18T19:31:55.518343,0.67,4159.6,0.68061,67.1
2025-09-18T19:31:55.544571,0.67,4159.6,0.68061,67.1
2025-09-18T19:31:55.554597,0.67,4159.6,0.68061,67.1
2025-09-18T19:31:55.554835,0.67,4159.6,0.68061,67.1
2025-09-18T19:31:55.710993,0.67,4159.6,0.68061,67.1
2025-09-18T19:31:55.717962,0.67,4159.6,0.68061,67.1
2025-09-18T19:31:55.722431,0.67,4159.6,0.68061,67.1
2025-09-18T19:31:55.903259,0.67,4159.6,0.68061,67.1
2025-09-18T19:31:56.341955,0.67,4159.6,0.68061,67.1
2025-09-18T19:31:56.352319,0.67,4159.6,0.68061,67.1
2025-09-18T19:31:56.366320,0.67,4159.6,0.68061,67.1
2025-09-18T19:31:56.923278,0.67,4159.6,0.68061,67.1
2025-09-18T19:31:56.928450,0.67,4159.6,0.68061,67.1
2025-09-18T19:31:56.932298,0.67,4159.6,0.68061,67.1
2025-09-18T19:31:56.991388,0.67,4159.6,0.68061,67.1
2025-09-18T19:31:56.997782,0.67,4159.6,0.68061,67.1
2025-09-18T19:31:57.000846,0.67,4159.6,0.68061,67.1
2025-09-18T19:31:57.499172,0.67,4159.6,0.68061,67.1
2025-09-18T19:31:57.578248,0.67,4159.6,0.68061,67.1
2025-09-18T19:31:57.581742,0.67,4159.6,0.68061,67.1
2025-09-18T19:31:57.584729,0.67,4159.6,0.68061,67.1
2025-09-18T19:31:58.155878,0.67,4159.6,0.68061,67.1
2025-09-18T19:31:58.480095,0.67,4159.6,0.68061,67.1
2025-09-18T19:31:58.687212,0.67,4159.6,0.68061,67.1
2025-09-18T19:31:59.137194,0.67,4159.6,0.68061,67.1
2025-09-18T19:31:59.297918,0.67,4159.6,0.68061,67.1
2025-09-18T19:31:59.540380,0.67,4159.6,0.68061,67.1
2025-09-18T19:31:59.540618,0.67,4159.6,0.68061,67.1
2025-09-18T19:31:59.564514,0.67,4159.6,0.68061,67.1
2025-09-18T19:31:59.566736,0.67,4159.6,0.68061,67.1
2025-09-18T19:31:59.570855,0.67,4159.6,0.68061,67.1
2025-09-18T19:31:59.655010,0.67,4159.6,0.68061,67.1
2025-09-18T19:31:59.662691,0.67,4159.6,0.68061,67.1
2025-09-18T19:31:59.665668,0.67,4159.6,0.68061,67.1
2025-09-18T19:31:59.781576,0.67,4159.6,0.68061,67.1
2025-09-18T19:31:59.820251,0.67,4159.6,0.68061,67.1
2025-09-18T19:31:59.825216,0.67,4159.6,0.68061,67.1
2025-09-18T19:31:59.830056,0.67,4159.6,0.68061,67.1
2025-09-18T19:31:59.835322,0.67,4159.6,0.68061,67.1
2025-09-18T19:32:00.166958,0.67,4159.6,0.68061,67.1
2025-09-18T19:32:00.167428,0.67,4159.6,0.68061,67.1
2025-09-18T19:32:00.526501,0.67,4159.6,0.68061,67.1
2025-09-18T19:32:00.529963,0.67,4159.6,0.68061,67.1
2025-09-18T19:32:00.717005,0.67,4159.6,0.68061,67.1
2025-09-18T19:32:01.234219,0.67,4159.6,0.68061,67.1
2025-09-18T19:32:01.380987,0.67,4159.6,0.68061,67.1
2025-09-18T19:32:01.386247,0.67,4159.6,0.68061,67.1
2025-09-18T19:32:01.389535,0.67,4159.6,0.68061,67.1
2025-09-18T19:32:01.703344,0.67,4159.6,0.68061,67.1
2025-09-18T19:32:14.568360,0.67016,7825.8,0.67023,1056.0
2025-09-18T19:32:14.865811,0.67016,7825.8,0.67023,1056.0
2025-09-18T19:32:14.867148,0.67016,7825.8,0.67023,1056.0
2025-09-18T19:32:14.867340,0.67016,7825.8,0.67023,1056.0
2025-09-18T19:32:14.898937,0.67016,7825.8,0.67023,1056.0
2025-09-18T19:32:14.899149,0.67016,7825.8,0.67023,1056.0
2025-09-18T19:32:14.899760,0.67016,7825.8,0.67023,1056.0
2025-09-18T19:32:15.019141,0.67016,7825.8,0.67023,1056.0
2025-09-18T19:32:15.024217,0.67016,7825.8,0.67023,1056.0
2025-09-18T19:32:15.024546,0.67016,7825.8,0.67023,1056.0
2025-09-18T19:32:15.656660,0.67016,7825.8,0.67023,1056.0
2025-09-18T19:32:15.698712,0.67016,7825.8,0.67023,1056.0
2025-09-18T19:32:15.701667,0.67016,7825.8,0.67023,1056.0
2025-09-18T19:32:15.705266,0.67016,7825.8,0.67023,1056.0
2025-09-18T19:32:15.844102,0.67016,7825.8,0.67023,1056.0
2025-09-18T19:32:16.111275,0.67016,7825.8,0.67023,1056.0
2025-09-18T19:32:16.114171,0.67016,7825.8,0.67023,1056.0
2025-09-18T19:32:16.119644,0.67016,7825.8,0.67023,1056.0
2025-09-18T19:32:16.148257,0.67016,7825.8,0.67023,1056.0
2025-09-18T19:32:16.688045,0.67016,7825.8,0.67023,1056.0
2025-09-18T19:32:16.696013,0.67016,7825.8,0.67023,1056.0
2025-09-18T19:32:16.700377,0.67016,7825.8,0.67023,1056.0
2025-09-18T19:32:17.232535,0.67016,7825.8,0.67023,1056.0
2025-09-18T19:32:17.245064,0.67016,7825.8,0.67023,1056.0
2025-09-18T19:32:17.250953,0.67016,7825.8,0.67023,1056.0
2025-09-18T19:32:17.796482,0.67016,7825.8,0.67023,1056.0
2025-09-18T19:32:17.803269,0.67016,7825.8,0.67023,1056.0
2025-09-18T19:32:17.865389,0.67016,7825.8,0.67023,1056.0
2025-09-18T19:32:17.872720,0.67016,7825.8,0.67023,1056.0
2025-09-18T19:32:17.877398,0.67016,7825.8,0.67023,1056.0
2025-09-18T19:32:17.886713,0.67016,7798.9,0.67023,1056.0
2025-09-18T19:32:17.925586,0.67016,7798.9,0.67023,1056.0
2025-09-18T19:32:17.933310,0.67016,7798.9,0.67023,1056.0
2025-09-18T19:32:18.350196,0.67016,7798.9,0.67023,1056.0
2025-09-18T19:32:18.430163,0.67016,7798.9,0.67023,1056.0
2025-09-18T19:32:18.437534,0.67016,7798.9,0.67023,1056.0
2025-09-18T19:32:18.445623,0.67016,7798.9,0.67023,1056.0
2025-09-18T19:32:18.447285,0.67016,7798.9,0.67023,1056.0
2025-09-18T19:32:19.025498,0.67016,7798.9,0.67023,1056.0
2025-09-18T19:32:19.028917,0.67016,7798.9,0.67023,1056.0
2025-09-18T19:32:19.038447,0.67016,7798.9,0.67023,1056.0
2025-09-18T19:32:19.784464,0.67016,7798.9,0.67023,1056.0
2025-09-18T19:32:19.791472,0.67016,7798.9,0.67023,1056.0
2025-09-18T19:32:19.796381,0.67016,7798.9,0.67023,1056.0
2025-09-18T19:32:20.135257,0.67016,7798.9,0.67023,1056.0
2025-09-18T19:32:20.137091,0.67016,7798.9,0.67023,1056.0
2025-09-18T19:32:20.138504,0.67016,7798.9,0.67023,1056.0
2025-09-18T19:32:20.138731,0.67016,7798.9,0.67023,1056.0
2025-09-18T19:32:20.138941,0.67016,7798.9,0.67023,1056.0
2025-09-18T19:32:20.398265,0.67016,7798.9,0.67023,1056.0
2025-09-18T19:32:20.399098,0.67016,7798.9,0.67023,1056.0
2025-09-18T19:32:20.400273,0.67016,7798.9,0.67023,1056.0
2025-09-18T19:32:20.402090,0.67016,7798.9,0.67023,1056.0
2025-09-18T19:32:20.521012,0.67016,7798.9,0.67023,1056.0
2025-09-18T19:32:20.806552,0.67016,7798.9,0.67023,1056.0
2025-09-18T19:32:20.813365,0.67016,7798.9,0.67023,1056.0
2025-09-18T19:32:20.818428,0.67016,7798.9,0.67023,1056.0
2025-09-18T19:32:21.364806,0.67016,7798.9,0.67023,1056.0
2025-09-18T19:32:21.369945,0.67016,7798.9,0.67023,1056.0
2025-09-18T19:32:21.371341,0.67016,7798.9,0.67023,1056.0
2025-09-18T19:32:21.373330,0.67016,7798.9,0.67023,1056.0
2025-09-18T19:32:21.681460,0.67016,7798.9,0.67023,1056.0
2025-09-18T19:32:21.691516,0.67016,7798.9,0.67023,1056.0
2025-09-18T19:32:21.693142,0.67016,7798.9,0.67023,1056.0
2025-09-18T19:32:21.701301,0.67016,7798.9,0.67023,1056.0
2025-09-18T19:32:21.928733,0.67016,7798.9,0.67023,1056.0
2025-09-18T19:32:22.023505,0.67016,7798.9,0.67023,1056.0
2025-09-18T19:32:22.025613,0.67016,7798.9,0.67023,1056.0
2025-09-18T19:32:22.032943,0.67016,7798.9,0.67023,1056.0
2025-09-18T19:32:22.038528,0.67016,7798.9,0.67023,1056.0
2025-09-18T19:32:22.244235,0.67016,7798.9,0.67023,1056.0
2025-09-18T19:32:22.574005,0.67016,7798.9,0.67023,1056.0
2025-09-18T19:32:22.628071,0.67016,7798.9,0.67023,1056.0
2025-09-18T19:32:22.636267,0.67016,7798.9,0.67023,1056.0
2025-09-18T19:32:22.640234,0.67016,7798.9,0.67023,1056.0
2025-09-18T19:32:22.863742,0.67016,7798.9,0.67023,1056.0
2025-09-18T19:32:22.875706,0.67016,7798.9,0.67023,1056.0
2025-09-18T19:32:22.877039,0.67016,7798.9,0.67023,1056.0
2025-09-18T19:32:22.956077,0.67016,7798.9,0.67023,1056.0
2025-09-18T19:32:22.963199,0.67016,7798.9,0.67023,1056.0
2025-09-18T19:32:23.237739,0.67016,7798.9,0.67023,1056.0
2025-09-18T19:32:23.254294,0.67016,7798.9,0.67023,1056.0
2025-09-18T19:32:23.259469,0.67016,7798.9,0.67023,1056.0
2025-09-18T19:32:23.313808,0.67016,7798.9,0.67023,1056.0
2025-09-18T19:32:23.319228,0.67016,7798.9,0.67023,1056.0
2025-09-18T19:32:23.650049,0.67016,7798.9,0.67023,1056.0
2025-09-18T19:32:23.654723,0.67016,7798.9,0.67023,1056.0
2025-09-18T19:32:23.656304,0.67016,7798.9,0.67023,1056.0
2025-09-18T19:32:23.681799,0.67016,7798.9,0.67023,1056.0
2025-09-18T19:32:23.706979,0.67016,7798.9,0.67023,1056.0
2025-09-18T19:32:23.707294,0.67016,7798.9,0.67023,1056.0
2025-09-18T19:32:23.714182,0.67016,7798.9,0.67023,1056.0
2025-09-18T19:32:23.720739,0.67016,7798.9,0.67023,1056.0
2025-09-18T19:32:23.741371,0.67016,7798.9,0.67023,1056.0
2025-09-18T19:32:23.904107,0.67016,7798.9,0.67023,1056.0
2025-09-18T19:32:23.920301,0.67016,7798.9,0.67023,1056.0
2025-09-18T19:32:23.922710,0.67016,7798.9,0.67023,1056.0
2025-09-18T19:32:23.924686,0.67016,7798.9,0.67023,1056.0
2025-09-18T19:32:23.932817,0.67016,7798.9,0.67023,1056.0
2025-09-18T19:32:24.756007,0.67016,7798.9,0.67023,1056.0
2025-09-18T19:32:24.759376,0.67016,7798.9,0.67023,1056.0
2025-09-18T19:32:24.762829,0.67016,7798.9,0.67023,1056.0
2025-09-18T19:32:24.796639,0.67016,7798.9,0.67023,1056.0
2025-09-18T19:32:24.798549,0.67016,7798.9,0.67023,1056.0
2025-09-18T19:32:24.799792,0.67016,7798.9,0.67023,1056.0
2025-09-18T19:32:24.996067,0.67016,7798.9,0.67023,1056.0
2025-09-18T19:32:25.332674,0.67016,7798.9,0.67023,1056.0
2025-09-18T19:32:25.339527,0.67016,7798.9,0.67023,1056.0
2025-09-18T19:32:25.340041,0.67016,7798.9,0.67023,1056.0
2025-09-18T19:32:25.528079,0.67016,7798.9,0.67023,1056.0
2025-09-18T19:32:25.605190,0.67016,7037.5,0.67023,1056.0
2025-09-18T19:32:25.755599,0.67016,7037.5,0.67023,1056.0
2025-09-18T19:32:25.871372,0.67016,7037.5,0.67023,1056.0
2025-09-18T19:32:25.877488,0.67016,7037.5,0.67023,1056.0
2025-09-18T19:32:26.251989,0.67016,7037.5,0.67023,1056.0
2025-09-18T19:32:26.362032,0.67016,7037.5,0.67023,1056.0
2025-09-18T19:32:26.885687,0.67016,7037.5,0.67023,1056.0
2025-09-18T19:32:26.891007,0.67016,7037.5,0.67023,1056.0
2025-09-18T19:32:26.899321,0.67016,7037.5,0.67023,1056.0
2025-09-18T19:32:27.566142,0.67016,7037.5,0.67023,1056.0
2025-09-18T19:32:27.645396,0.67016,7037.5,0.67023,1056.0
2025-09-18T19:32:27.645708,0.67016,7037.5,0.67023,1056.0
2025-09-18T19:32:27.665183,0.67016,7037.5,0.67023,1056.0
2025-09-18T19:32:27.665479,0.67016,7037.5,0.67023,1056.0
2025-09-18T19:32:27.810724,0.67016,7037.5,0.67023,1056.0
2025-09-18T19:32:27.812578,0.67016,7037.5,0.67023,1056.0
2025-09-18T19:32:27.814707,0.67016,7037.5,0.67023,1056.0
2025-09-18T19:32:27.814927,0.67016,7037.5,0.67023,1056.0
2025-09-18T19:32:27.930215,0.67016,7037.5,0.67023,1056.0
2025-09-18T19:32:27.930783,0.67016,7037.5,0.67023,1056.0
2025-09-18T19:32:27.931718,0.67016,7037.5,0.67023,1056.0
2025-09-18T19:32:28.066456,0.67016,7037.5,0.67023,1056.0
2025-09-18T19:32:28.086132,0.67016,7037.5,0.67023,1056.0
2025-09-18T19:32:28.091196,0.67016,7037.5,0.67023,1056.0
2025-09-18T19:32:28.094961,0.67016,7037.5,0.67023,1056.0
2025-09-18T19:32:28.130124,0.67016,7037.5,0.67023,1056.0
2025-09-18T19:32:28.132666,0.67016,7037.5,0.67023,1056.0
2025-09-18T19:32:28.140310,0.67016,7037.5,0.67023,1056.0
2025-09-18T19:32:28.227182,0.67016,7037.5,0.67023,1056.0
2025-09-18T19:32:28.465798,0.67016,7037.5,0.67023,1056.0
2025-09-18T19:32:28.472120,0.67016,7037.5,0.67023,1056.0
2025-09-18T19:32:28.475202,0.67016,7037.5,0.67023,1056.0
2025-09-18T19:32:28.706273,0.67016,7037.5,0.67023,1056.0
2025-09-18T19:32:28.711306,0.67016,7037.5,0.67023,1056.0
2025-09-18T19:32:28.714931,0.67016,7037.5,0.67023,1056.0
2025-09-18T19:32:28.720415,0.67016,7037.5,0.67023,1056.0
2025-09-18T19:32:28.902449,0.67016,7037.5,0.67023,1056.0
2025-09-18T19:32:28.908851,0.67016,7037.5,0.67023,1056.0
2025-09-18T19:32:28.952995,0.67016,7037.5,0.67023,1056.0
2025-09-18T19:32:28.953423,0.67016,7037.5,0.67023,1056.0
2025-09-18T19:32:28.960808,0.67016,7037.5,0.67023,1056.0
2025-09-18T19:32:28.966236,0.67016,7037.5,0.67023,1056.0
2025-09-18T19:32:29.181711,0.67016,7037.5,0.67023,1056.0
2025-09-18T19:32:29.190502,0.67016,7037.5,0.67023,1056.0
2025-09-18T19:32:29.198644,0.67016,7037.5,0.67023,1056.0
2025-09-18T19:32:29.344580,0.67016,7037.5,0.67023,1056.0
2025-09-18T19:32:29.350292,0.67016,7037.5,0.67023,1056.0
2025-09-18T19:32:29.608606,0.67016,7037.5,0.67023,1056.0
2025-09-18T19:32:29.750904,0.67016,7037.5,0.67023,1056.0
2025-09-18T19:32:29.753285,0.67016,7037.5,0.67023,1056.0
2025-09-18T19:32:29.756828,0.67016,7037.5,0.67023,1056.0
2025-09-18T19:32:29.758691,0.67016,7037.5,0.67023,1056.0
2025-09-18T19:32:29.858811,0.67016,7037.5,0.67023,1056.0
2025-09-18T19:32:30.483426,0.67016,7037.5,0.67023,1056.0
2025-09-18T19:32:30.610243,0.67016,7037.5,0.67023,1056.0
2025-09-18T19:32:30.625259,0.67016,7037.5,0.67023,1056.0
2025-09-18T19:32:30.674925,0.67016,7037.5,0.67023,1056.0
2025-09-18T19:32:30.678961,0.67016,7037.5,0.67023,1056.0
2025-09-18T19:32:30.686246,0.67016,7037.5,0.67023,1056.0
2025-09-18T19:32:30.696874,0.67016,7037.5,0.67023,1056.0
2025-09-18T19:32:30.896262,0.67016,7037.5,0.67023,1056.0
2025-09-18T19:32:30.904809,0.67016,7037.5,0.67023,1056.0
2025-09-18T19:32:30.911520,0.67016,7037.5,0.67023,1056.0
2025-09-18T19:32:31.660145,0.67016,7037.5,0.67023,1056.0
2025-09-18T19:32:31.670903,0.67016,7037.5,0.67023,1056.0
2025-09-18T19:32:32.125507,0.67016,7037.5,0.67023,1056.0
2025-09-18T19:32:32.136633,0.67016,7037.5,0.67023,1056.0
2025-09-18T19:32:32.139173,0.67016,7037.5,0.67023,1056.0
2025-09-18T19:32:32.184534,0.67016,7037.5,0.67023,1056.0
2025-09-18T19:32:32.234183,0.67016,7037.5,0.67023,1056.0
2025-09-18T19:32:32.570826,0.67016,7037.5,0.67023,1056.0
2025-09-18T19:32:32.584718,0.67016,7037.5,0.67023,1056.0
2025-09-18T19:32:33.334792,0.67016,7037.5,0.67023,1056.0
2025-09-18T19:32:33.938700,0.67016,7037.5,0.67023,1056.0
2025-09-18T19:32:34.126019,0.67016,7037.5,0.67023,1056.0
2025-09-18T19:32:34.255956,0.67016,7037.5,0.67023,1056.0
2025-09-18T19:32:34.715618,0.67016,7037.5,0.67023,1056.0
2025-09-18T19:32:34.794593,0.67016,7037.5,0.67023,1056.0
2025-09-18T19:32:35.052567,0.67016,7037.5,0.67023,1056.0
2025-09-18T19:32:35.056381,0.67016,7037.5,0.67023,1056.0
2025-09-18T19:32:35.062436,0.67016,7037.5,0.67023,1056.0
2025-09-18T19:32:35.583680,0.67016,7037.5,0.67023,1056.0
2025-09-18T19:32:36.057419,0.67016,1432.2,0.67023,1056.0
2025-09-18T19:32:37.127893,0.67016,1432.2,0.67023,1056.0
2025-09-18T19:32:37.137438,0.67016,1432.2,0.67023,1056.0
2025-09-18T19:32:37.143333,0.67016,1432.2,0.67023,1056.0
2025-09-18T19:32:37.148356,0.67016,1432.2,0.67023,1056.0
2025-09-18T19:32:37.156449,0.67016,1432.2,0.67023,1056.0
2025-09-18T19:32:37.160925,0.67016,1432.2,0.67023,1056.0
2025-09-18T19:32:37.425319,0.67016,1432.2,0.67023,1056.0
2025-09-18T19:32:37.432631,0.67016,1432.2,0.67023,1056.0
2025-09-18T19:32:37.436992,0.67016,1432.2,0.67023,1056.0
2025-09-18T19:32:37.568580,0.67016,1432.2,0.67023,1056.0
2025-09-18T19:32:37.572736,0.67016,1432.2,0.67023,1056.0
2025-09-18T19:32:37.577743,0.67016,1432.2,0.67023,1056.0
2025-09-18T19:32:37.710938,0.67016,1432.2,0.67023,1056.0
2025-09-18T19:32:37.866421,0.67016,1432.2,0.67023,1056.0
2025-09-18T19:32:37.866833,0.67016,1432.2,0.67023,1056.0
2025-09-18T19:32:37.877042,0.67016,1432.2,0.67023,1056.0
2025-09-18T19:32:37.882952,0.67016,1432.2,0.67023,1056.0
2025-09-18T19:32:37.964734,0.67016,1432.2,0.67023,1056.0
2025-09-18T19:32:38.133008,0.67016,1432.2,0.67023,1056.0
2025-09-18T19:32:38.138667,0.67016,1432.2,0.67023,1056.0
2025-09-18T19:32:38.146908,0.67016,1432.2,0.67023,1056.0
2025-09-18T19:32:38.775816,0.67016,1432.2,0.67023,1056.0
2025-09-18T19:32:38.781032,0.67016,1432.2,0.67023,1056.0
2025-09-18T19:32:38.783365,0.67016,1432.2,0.67023,1056.0
2025-09-18T19:32:38.787961,0.67016,1432.2,0.67023,1056.0
2025-09-18T19:32:38.865311,0.67016,1432.2,0.67023,1056.0
2025-09-18T19:32:38.890799,0.67016,1432.2,0.67023,1056.0
2025-09-18T19:32:38.891390,0.67016,1432.2,0.67023,1056.0
2025-09-18T19:32:38.894872,0.67016,1432.2,0.67023,1056.0
2025-09-18T19:32:38.950952,0.67016,1432.2,0.67023,1056.0
2025-09-18T19:32:38.956513,0.67016,1432.2,0.67023,1056.0
2025-09-18T19:32:38.963959,0.67016,1432.2,0.67023,1056.0
2025-09-18T19:32:39.413340,0.67016,1432.2,0.67023,1056.0
2025-09-18T19:32:39.480904,0.67016,1432.2,0.67023,1056.0
2025-09-18T19:32:39.485353,0.67016,1432.2,0.67023,1056.0
2025-09-18T19:32:40.044622,0.67016,1432.2,0.67023,1056.0
2025-09-18T19:32:40.061253,0.67016,1432.2,0.67023,1056.0
2025-09-18T19:32:40.062442,0.67016,1432.2,0.67023,1056.0
2025-09-18T19:32:40.672476,0.67016,1432.2,0.67023,1056.0
2025-09-18T19:32:40.674578,0.67016,1432.2,0.67023,1056.0
2025-09-18T19:32:40.682758,0.67016,1432.2,0.67023,1056.0
2025-09-18T19:32:41.087678,0.67016,1432.2,0.67023,1056.0
2025-09-18T19:32:41.265886,0.67016,1432.2,0.67023,1056.0
2025-09-18T19:32:41.269306,0.67016,1432.2,0.67023,1056.0
2025-09-18T19:32:41.872360,0.67016,1432.2,0.67023,1056.0
2025-09-18T19:32:41.874533,0.67016,1432.2,0.67023,1056.0
2025-09-18T19:32:42.231132,0.67016,1432.2,0.67023,1056.0
2025-09-18T19:32:42.423742,0.67016,1432.2,0.67023,1056.0
2025-09-18T19:32:42.429259,0.67016,1432.2,0.67023,1056.0
2025-09-18T19:32:42.519587,0.67016,1432.2,0.67023,1056.0
2025-09-18T19:32:42.523708,0.67016,1432.2,0.67023,1056.0
2025-09-18T19:32:42.530385,0.67016,1432.2,0.67023,1056.0
2025-09-18T19:32:42.683485,0.67016,1432.2,0.67023,1056.0
2025-09-18T19:32:42.689671,0.67016,1432.2,0.67023,1056.0
2025-09-18T19:32:42.833885,0.67016,1432.2,0.67023,1056.0
2025-09-18T19:32:43.212217,0.67016,1432.2,0.67023,1056.0
2025-09-18T19:32:43.236921,0.67016,1432.2,0.67023,1056.0
2025-09-18T19:32:43.237819,0.67016,1432.2,0.67023,1056.0
2025-09-18T19:32:43.243289,0.67016,1432.2,0.67023,1056.0
2025-09-18T19:32:43.407530,0.67016,1432.2,0.67023,1056.0
2025-09-18T19:32:43.417180,0.67016,1432.2,0.67023,1056.0
2025-09-18T19:32:43.463903,0.67016,1432.2,0.67023,1056.0
2025-09-18T19:32:43.484654,0.67016,1432.2,0.67023,1056.0
2025-09-18T19:32:44.125108,0.67016,1432.2,0.67023,1056.0
2025-09-18T19:32:44.145543,0.67016,1432.2,0.67023,1056.0
2025-09-18T19:32:44.172077,0.67016,1432.2,0.67023,1056.0
2025-09-18T19:32:44.173395,0.67016,1432.2,0.67023,1056.0
2025-09-18T19:32:44.394838,0.67016,1432.2,0.67023,1056.0
2025-09-18T19:32:44.415455,0.67016,1432.2,0.67023,1056.0
2025-09-18T19:32:44.610694,0.67016,1432.2,0.67023,1056.0
2025-09-18T19:32:44.617498,0.67016,1432.2,0.67023,1056.0
2025-09-18T19:32:44.625188,0.67016,1432.2,0.67023,1056.0
2025-09-18T19:32:44.633102,0.67016,1432.2,0.67023,1056.0
2025-09-18T19:32:44.961866,0.67016,1432.2,0.67023,1056.0
2025-09-18T19:32:44.978043,0.67016,1432.2,0.67023,1056.0
2025-09-18T19:32:44.981355,0.67016,1432.2,0.67023,1056.0
2025-09-18T19:32:45.025219,0.67016,1432.2,0.67023,1056.0
2025-09-18T19:32:45.034160,0.67016,1432.2,0.67023,1056.0
2025-09-18T19:32:45.043527,0.67016,1432.2,0.67023,1056.0
2025-09-18T19:32:45.170425,0.67016,1432.2,0.67023,1056.0
2025-09-18T19:32:45.179388,0.67016,1432.2,0.67023,1056.0
2025-09-18T19:32:45.189642,0.67016,1432.2,0.67023,1056.0
2025-09-18T19:32:45.195642,0.67016,1432.2,0.67023,1056.0
2025-09-18T19:32:45.434930,0.67016,1432.2,0.67023,1056.0
2025-09-18T19:32:45.442469,0.67016,1432.2,0.67023,1056.0
2025-09-18T19:32:45.612613,0.67016,1432.2,0.67023,1056.0
2025-09-18T19:32:45.614834,0.67016,1432.2,0.67023,1056.0
2025-09-18T19:32:45.615045,0.67016,1432.2,0.67023,1056.0
2025-09-18T19:32:45.752780,0.67016,1432.2,0.67023,1056.0
2025-09-18T19:32:45.761442,0.67016,1432.2,0.67023,1056.0
2025-09-18T19:32:45.766275,0.67016,1432.2,0.67023,1056.0
2025-09-18T19:32:45.878631,0.67016,1432.2,0.67023,1056.0
2025-09-18T19:32:46.011638,0.67016,1432.2,0.67023,1056.0
2025-09-18T19:32:46.210120,0.67016,1432.2,0.67023,1056.0
2025-09-18T19:32:46.446742,0.67016,1432.2,0.67023,1056.0
2025-09-18T19:32:46.447729,0.67016,1432.2,0.67023,1056.0
2025-09-18T19:32:46.458832,0.67016,1432.2,0.67023,1056.0
2025-09-18T19:32:47.074984,0.67016,1432.2,0.67023,1056.0
2025-09-18T19:32:47.081273,0.67016,1432.2,0.67023,1056.0
2025-09-18T19:32:47.478966,0.67016,1432.2,0.67023,1056.0
2025-09-18T19:32:47.490074,0.67016,1432.2,0.67023,1056.0
2025-09-18T19:32:47.596986,0.67016,1432.2,0.67023,1056.0
2025-09-18T19:32:47.597218,0.67016,1432.2,0.67023,1056.0
2025-09-18T19:32:47.608023,0.67016,1432.2,0.67023,1056.0
2025-09-18T19:32:47.778498,0.67016,1432.2,0.67023,1056.0
2025-09-18T19:32:47.784499,0.67016,1432.2,0.67023,1056.0
2025-09-18T19:32:47.789521,0.67016,1432.2,0.67023,1056.0
2025-09-18T19:32:47.841492,0.67016,1432.2,0.67023,1056.0
2025-09-18T19:32:47.946966,0.67016,1432.2,0.67023,1056.0
2025-09-18T19:32:47.953712,0.67016,1432.2,0.67023,1056.0
2025-09-18T19:32:47.960420,0.67016,1432.2,0.67023,1056.0
2025-09-18T19:32:47.984574,0.67016,1432.2,0.67023,1056.0
2025-09-18T19:32:47.987457,0.67016,1432.2,0.67023,1056.0
2025-09-18T19:32:48.388091,0.67016,1432.2,0.67023,1056.0
2025-09-18T19:32:48.409310,0.67016,1432.2,0.67023,1056.0
2025-09-18T19:32:48.416544,0.67016,1432.2,0.67023,1056.0
2025-09-18T19:32:48.418907,0.67016,1432.2,0.67023,1056.0
2025-09-18T19:32:48.616795,0.67016,1432.2,0.67023,1056.0
2025-09-18T19:32:48.622105,0.67016,1432.2,0.67023,1056.0
2025-09-18T19:32:48.624210,0.67016,1432.2,0.67023,1056.0
2025-09-18T19:32:48.776361,0.67016,1432.2,0.67023,1056.0
2025-09-18T19:32:48.776955,0.67016,1432.2,0.67023,1056.0
2025-09-18T19:32:48.777480,0.67016,1432.2,0.67023,1056.0
2025-09-18T19:32:48.906001,0.67016,1432.2,0.67023,1056.0
2025-09-18T19:32:48.910298,0.67016,1432.2,0.67023,1056.0
2025-09-18T19:32:49.131416,0.67016,1432.2,0.67023,1056.0
2025-09-18T19:32:49.162358,0.67016,1432.2,0.67023,1056.0
2025-09-18T19:32:49.164865,0.67016,1432.2,0.67023,1056.0
2025-09-18T19:32:49.251329,0.67016,1432.2,0.67023,1056.0
2025-09-18T19:32:49.285074,0.67016,1432.2,0.67023,1056.0
2025-09-18T19:32:49.291636,0.67016,1432.2,0.67023,1056.0
2025-09-18T19:32:49.352617,0.67016,1232.2,0.67023,1056.0
2025-09-18T19:32:49.845980,0.67016,1232.2,0.67023,1056.0
2025-09-18T19:32:49.850901,0.67016,1232.2,0.67023,1056.0
2025-09-18T19:32:49.858274,0.67016,1232.2,0.67023,1056.0
2025-09-18T19:32:49.863964,0.67016,1232.2,0.67023,1056.0
2025-09-18T19:32:50.395846,0.67016,1232.2,0.67023,1056.0
2025-09-18T19:32:50.400930,0.67016,1232.2,0.67023,1056.0
2025-09-18T19:32:50.406649,0.67016,1232.2,0.67023,1056.0
2025-09-18T19:32:50.447859,0.67016,1232.2,0.67023,1056.0
2025-09-18T19:32:50.450653,0.67016,1232.2,0.67023,1056.0
2025-09-18T19:32:50.457071,0.67016,1232.2,0.67023,1056.0
2025-09-18T19:32:50.659991,0.67016,1232.2,0.67023,1056.0
2025-09-18T19:32:50.737874,0.67016,1232.2,0.67023,1056.0
2025-09-18T19:32:50.742528,0.67016,1232.2,0.67023,1056.0
2025-09-18T19:32:50.931160,0.67016,1232.2,0.67023,1056.0
2025-09-18T19:32:50.934824,0.67016,1232.2,0.67023,1056.0
2025-09-18T19:32:50.942510,0.67016,1232.2,0.67023,1056.0
2025-09-18T19:32:50.948225,0.67016,1232.2,0.67023,1056.0
2025-09-18T19:32:51.278458,0.67016,1232.2,0.67023,1056.0
2025-09-18T19:32:51.281664,0.67016,1232.2,0.67023,1056.0
2025-09-18T19:32:51.294191,0.67016,1232.2,0.67023,1056.0
2025-09-18T19:32:51.514730,0.67016,1232.2,0.67023,1056.0
2025-09-18T19:32:51.527711,0.67016,1232.2,0.67023,1056.0
2025-09-18T19:32:51.532118,0.67016,1232.2,0.67023,1056.0
2025-09-18T19:32:52.050016,0.67016,1232.2,0.67023,1056.0
2025-09-18T19:32:52.057039,0.67016,1232.2,0.67023,1056.0
2025-09-18T19:32:52.214817,0.67016,1232.2,0.67023,1056.0
2025-09-18T19:32:52.269585,0.67016,1232.2,0.67023,1056.0
2025-09-18T19:32:52.276875,0.67016,1232.2,0.67023,1056.0
2025-09-18T19:32:52.615670,0.67016,1232.2,0.67023,1056.0
2025-09-18T19:32:52.720039,0.67016,1232.2,0.67023,1056.0
2025-09-18T19:32:52.724617,0.67016,1232.2,0.67023,1056.0
2025-09-18T19:32:52.729917,0.67016,1232.2,0.67023,1056.0
2025-09-18T19:32:52.739760,0.67016,1232.2,0.67023,1056.0
2025-09-18T19:32:52.878744,0.67016,1232.2,0.67023,1056.0
2025-09-18T19:32:52.887644,0.67016,1232.2,0.67023,1056.0
2025-09-18T19:32:52.896714,0.67016,1232.2,0.67023,1056.0
2025-09-18T19:32:53.257563,0.67016,1232.2,0.67023,1056.0
2025-09-18T19:32:53.270426,0.67016,1232.2,0.67023,1056.0
2025-09-18T19:32:53.271925,0.67016,1232.2,0.67023,1056.0
2025-09-18T19:32:53.814084,0.67016,1232.2,0.67023,1056.0
2025-09-18T19:32:53.815305,0.67016,1232.2,0.67023,1056.0
2025-09-18T19:32:53.905315,0.67016,1232.2,0.67023,1056.0
2025-09-18T19:32:53.950392,0.67016,1232.2,0.67023,1056.0
2025-09-18T19:32:54.273571,0.67016,1232.2,0.67023,1056.0
2025-09-18T19:32:54.433193,0.67016,1232.2,0.67023,1056.0
2025-09-18T19:32:54.439205,0.67016,1232.2,0.67023,1056.0
2025-09-18T19:32:54.443045,0.67016,1232.2,0.67023,1056.0
2025-09-18T19:32:54.454205,0.67016,1232.2,0.67023,1056.0
2025-09-18T19:32:54.768330,0.67016,1232.2,0.67023,1056.0
2025-09-18T19:32:54.772090,0.67016,1232.2,0.67023,1056.0
2025-09-18T19:32:54.775592,0.67016,1232.2,0.67023,1056.0
2025-09-18T19:32:54.969900,0.67016,1232.2,0.67023,1056.0
2025-09-18T19:32:54.975895,0.67016,1232.2,0.67023,1056.0
2025-09-18T19:32:55.091174,0.67016,1232.2,0.67023,1056.0
2025-09-18T19:32:55.093707,0.67016,1232.2,0.67023,1056.0
2025-09-18T19:32:55.181830,0.67016,1232.2,0.67023,1056.0
2025-09-18T19:32:55.190886,0.67016,1232.2,0.67023,1056.0
2025-09-18T19:32:55.192859,0.67016,1232.2,0.67023,1056.0
2025-09-18T19:32:55.416839,0.67016,1232.2,0.67023,1056.0
2025-09-18T19:32:55.419066,0.67016,1232.2,0.67023,1056.0
2025-09-18T19:32:55.421920,0.67016,1232.2,0.67023,1056.0
2025-09-18T19:32:55.521412,0.67016,1232.2,0.67023,1056.0
2025-09-18T19:32:55.943584,0.67016,1232.2,0.67023,1056.0
2025-09-18T19:32:56.030485,0.67016,1232.2,0.67023,1056.0
2025-09-18T19:32:56.033684,0.67016,1232.2,0.67023,1056.0
2025-09-18T19:32:56.040822,0.67016,1232.2,0.67023,1056.0
2025-09-18T19:32:56.633058,0.67016,1232.2,0.67023,1056.0
2025-09-18T19:32:56.637191,0.67016,1232.2,0.67023,1056.0
2025-09-18T19:32:56.638075,0.67016,1232.2,0.67023,1056.0
2025-09-18T19:32:57.131303,0.67016,1232.2,0.67023,1056.0
2025-09-18T19:32:57.134768,0.67016,1232.2,0.67023,1056.0
2025-09-18T19:32:57.139893,0.67016,1232.2,0.67023,1056.0
2025-09-18T19:32:57.688097,0.67016,1232.2,0.67023,1056.0
2025-09-18T19:32:57.737028,0.67016,1232.2,0.67023,1056.0
2025-09-18T19:32:57.744372,0.67016,1232.2,0.67023,1056.0
2025-09-18T19:32:57.744848,0.67016,1232.2,0.67023,1056.0
2025-09-18T19:32:57.851785,0.67016,1232.2,0.67023,1056.0
2025-09-18T19:32:57.864875,0.67016,1232.2,0.67023,1056.0
2025-09-18T19:32:57.869902,0.67016,1232.2,0.67023,1056.0
2025-09-18T19:32:58.010862,0.67016,1232.2,0.67023,1056.0
2025-09-18T19:32:58.036195,0.67016,1232.2,0.67023,1056.0
2025-09-18T19:32:58.042568,0.67016,1232.2,0.67023,1056.0
2025-09-18T19:32:58.044760,0.67016,1232.2,0.67023,1056.0
2025-09-18T19:32:58.134837,0.67016,1232.2,0.67023,1056.0
2025-09-18T19:32:58.138105,0.67016,1232.2,0.67023,1056.0
2025-09-18T19:32:58.235315,0.67016,1232.2,0.67023,1056.0
2025-09-18T19:32:58.238687,0.67016,1232.2,0.67023,1056.0
2025-09-18T19:32:58.243859,0.67016,1232.2,0.67023,1056.0
2025-09-18T19:32:58.565271,0.67016,1232.2,0.67023,1056.0
2025-09-18T19:32:58.889970,0.67016,1232.2,0.67023,1056.0
2025-09-18T19:32:58.894673,0.67016,1232.2,0.67023,1056.0
2025-09-18T19:32:58.901566,0.67016,1232.2,0.67023,1056.0
2025-09-18T19:32:59.445325,0.67016,1232.2,0.67023,1056.0
2025-09-18T19:32:59.474947,0.67016,1232.2,0.67023,1056.0
2025-09-18T19:32:59.482834,0.67016,1232.2,0.67023,1056.0
2025-09-18T19:32:59.484242,0.67016,1232.2,0.67023,1056.0
2025-09-18T19:32:59.809306,0.67016,1232.2,0.67023,1056.0
2025-09-18T19:32:59.989989,0.67016,1232.2,0.67023,1056.0
2025-09-18T19:32:59.994660,0.67016,1232.2,0.67023,1056.0
2025-09-18T19:33:00.001683,0.67016,1232.2,0.67023,1056.0
2025-09-18T19:33:00.382106,0.67016,1232.2,0.67023,1056.0
2025-09-18T19:33:00.629468,0.67016,1232.2,0.67023,1056.0
2025-09-18T19:33:00.633808,0.67016,1232.2,0.67023,1056.0
2025-09-18T19:33:00.635087,0.67016,1232.2,0.67023,1056.0
2025-09-18T19:33:00.813549,0.67016,1232.2,0.67023,1056.0
2025-09-18T19:33:01.005671,0.67016,1232.2,0.67023,1056.0
2025-09-18T19:33:01.232292,0.67016,1232.2,0.67023,1056.0
2025-09-18T19:33:01.234780,0.67016,1232.2,0.67023,1056.0
2025-09-18T19:33:01.403959,0.67016,1232.2,0.67023,1056.0
2025-09-18T19:33:01.801655,0.67016,1232.2,0.67023,1056.0
2025-09-18T19:33:01.805653,0.67016,1232.2,0.67023,1056.0
2025-09-18T19:33:01.813618,0.67016,1232.2,0.67023,1056.0
2025-09-18T19:33:02.015135,0.67016,1232.2,0.67023,1056.0
2025-09-18T19:33:02.245800,0.67016,1232.2,0.67023,1056.0
2025-09-18T19:33:02.500706,0.67016,1232.2,0.67023,1056.0
2025-09-18T19:33:02.515916,0.67016,1232.2,0.67023,1056.0
2025-09-18T19:33:02.518515,0.67016,1232.2,0.67023,1056.0
2025-09-18T19:33:02.527727,0.67016,1232.2,0.67023,1056.0
2025-09-18T19:33:02.834263,0.67016,1232.2,0.67023,1056.0
2025-09-18T19:33:02.989374,0.67016,1232.2,0.67023,1056.0
2025-09-18T19:33:02.992498,0.67016,1232.2,0.67023,1056.0
2025-09-18T19:33:02.999279,0.67016,1232.2,0.67023,1056.0
2025-09-18T19:33:03.411556,0.67016,1232.2,0.67023,1056.0
2025-09-18T19:33:03.467247,0.67016,1232.2,0.67023,1056.0
2025-09-18T19:33:03.520141,0.67016,1232.2,0.67023,1056.0
2025-09-18T19:33:03.618949,0.67016,1232.2,0.67023,1056.0
2025-09-18T19:33:03.619557,0.67016,1232.2,0.67023,1056.0
2025-09-18T19:33:03.622650,0.67016,1232.2,0.67023,1056.0
2025-09-18T19:33:03.733459,0.67016,1232.2,0.67023,1056.0
2025-09-18T19:33:03.898416,0.67016,1232.2,0.67023,1056.0
2025-09-18T19:33:04.148785,0.67016,1232.2,0.67023,1056.0
2025-09-18T19:33:04.158475,0.67016,1232.2,0.67023,1056.0
2025-09-18T19:33:04.162985,0.67016,1232.2,0.67023,1056.0
2025-09-18T19:33:04.542138,0.67016,1232.2,0.67023,1056.0
2025-09-18T19:33:04.547817,0.67016,1232.2,0.67023,1056.0
2025-09-18T19:33:04.559049,0.67016,1232.2,0.67023,1056.0
2025-09-18T19:33:04.568646,0.67016,1232.2,0.67023,1056.0
2025-09-18T19:33:04.678992,0.67016,1232.2,0.67023,1056.0
2025-09-18T19:33:04.695225,0.67016,1232.2,0.67023,1056.0
2025-09-18T19:33:04.851188,0.67016,1232.2,0.67023,1056.0
2025-09-18T19:33:04.853149,0.67016,1232.2,0.67023,1056.0
2025-09-18T19:33:04.859816,0.67016,1232.2,0.67023,1056.0
2025-09-18T19:33:05.105321,0.67016,1232.2,0.67023,1056.0
2025-09-18T19:33:05.111497,0.67016,1232.2,0.67023,1056.0
2025-09-18T19:33:05.114723,0.67016,1232.2,0.67023,1056.0
2025-09-18T19:33:05.120218,0.67016,1232.2,0.67023,1056.0
2025-09-18T19:33:05.596996,0.67016,1232.2,0.67023,1056.0
2025-09-18T19:33:06.088087,0.67016,1232.2,0.67023,1056.0
2025-09-18T19:33:07.323794,0.67016,1232.2,0.67023,1056.0
2025-09-18T19:33:07.913877,0.67016,1232.2,0.67023,1056.0
2025-09-18T19:33:07.921443,0.67016,1232.2,0.67023,1056.0
2025-09-18T19:33:07.924769,0.67016,1232.2,0.67023,1056.0
2025-09-18T19:33:07.929030,0.67016,1232.2,0.67023,1056.0
2025-09-18T19:33:07.965960,0.67016,1232.2,0.67023,1056.0
2025-09-18T19:33:08.020819,0.67016,1232.2,0.67023,1056.0
2025-09-18T19:33:08.028108,0.67016,1232.2,0.67023,1056.0
2025-09-18T19:33:08.089648,0.67016,1232.2,0.67023,1056.0
2025-09-18T19:33:08.101783,0.67016,1232.2,0.67023,1056.0
2025-09-18T19:33:08.108812,0.67016,1232.2,0.67023,1056.0
2025-09-18T19:33:08.157898,0.67016,1232.2,0.67023,1056.0
2025-09-18T19:33:08.490924,0.67016,1232.2,0.67023,1056.0
2025-09-18T19:33:08.491726,0.67016,1232.2,0.67023,1056.0
2025-09-18T19:33:08.533084,0.67016,1232.2,0.67023,1056.0
2025-09-18T19:33:08.553743,0.67016,1232.2,0.67023,1056.0
2025-09-18T19:33:08.553980,0.67016,1232.2,0.67023,1056.0
2025-09-18T19:33:08.557577,0.67016,1232.2,0.67023,1056.0
2025-09-18T19:33:08.564788,0.67016,1232.2,0.67023,1056.0
2025-09-18T19:33:08.657641,0.67016,1232.2,0.67023,1056.0
2025-09-18T19:33:08.659359,0.67016,1232.2,0.67023,1056.0
2025-09-18T19:33:08.662541,0.67016,1232.2,0.67023,1056.0
2025-09-18T19:33:08.938454,0.67016,1232.2,0.67023,1056.0
2025-09-18T19:33:08.949444,0.67016,1232.2,0.67023,1056.0
2025-09-18T19:33:09.068811,0.67016,1232.2,0.67023,1056.0
2025-09-18T19:33:09.078629,0.67016,1232.2,0.67023,1056.0
2025-09-18T19:33:09.088213,0.667,35726.2,0.67023,1056.0
2025-09-18T19:33:09.092698,0.667,35726.2,0.67023,1056.0
2025-09-18T19:33:09.269798,0.667,35726.2,0.67023,1056.0
2025-09-18T19:33:09.518135,0.667,35726.2,0.67023,1056.0
2025-09-18T19:33:09.528843,0.667,35726.2,0.67023,1056.0
2025-09-18T19:33:09.532728,0.667,35726.2,0.67023,1056.0
2025-09-18T19:33:09.638220,0.667,35726.2,0.67023,1056.0
2025-09-18T19:33:09.760920,0.667,35726.2,0.67023,1056.0
2025-09-18T19:33:09.765048,0.667,35726.2,0.67023,1056.0
2025-09-18T19:33:09.809259,0.667,35726.2,0.67023,1056.0
2025-09-18T19:33:09.813698,0.667,35726.2,0.67023,1056.0
2025-09-18T19:33:09.820338,0.667,35726.2,0.67023,1056.0
2025-09-18T19:33:09.920181,0.667,35726.2,0.67023,1056.0
2025-09-18T19:33:09.923275,0.667,35726.2,0.67023,1056.0
2025-09-18T19:33:10.118854,0.667,35726.2,0.67023,1056.0
2025-09-18T19:33:10.350653,0.667,35726.2,0.67023,1056.0
2025-09-18T19:33:10.354705,0.667,35726.2,0.67023,1056.0
2025-09-18T19:33:10.357921,0.667,35726.2,0.67023,1056.0
2025-09-18T19:33:10.912911,0.667,35726.2,0.67023,1056.0
2025-09-18T19:33:10.918468,0.667,35726.2,0.67023,1056.0
2025-09-18T19:33:11.551042,0.667,35726.2,0.67023,1056.0
2025-09-18T19:33:11.555259,0.667,35726.2,0.67023,1056.0
2025-09-18T19:33:11.559373,0.667,35726.2,0.67023,1056.0
2025-09-18T19:33:12.001892,0.667,35726.2,0.67023,1056.0
2025-09-18T19:33:12.040023,0.667,35726.2,0.67023,1056.0
2025-09-18T19:33:12.045510,0.667,35726.2,0.67023,1056.0
2025-09-18T19:33:12.390622,0.667,35726.2,0.67023,1056.0
2025-09-18T19:33:12.549585,0.667,35726.2,0.67023,1056.0
2025-09-18T19:33:12.630925,0.667,35726.2,0.67023,1056.0
2025-09-18T19:33:12.638393,0.667,35726.2,0.67023,1056.0
2025-09-18T19:33:12.639893,0.667,35726.2,0.67023,1056.0
2025-09-18T19:33:13.152953,0.667,35726.2,0.67023,1056.0
2025-09-18T19:33:26.160287,0.667,35488.1,0.66728,2013.9
2025-09-18T19:33:26.196088,0.667,35488.1,0.66728,2013.9
2025-09-18T19:33:26.198267,0.667,35488.1,0.66728,2013.9
2025-09-18T19:33:26.199370,0.667,35488.1,0.66728,2013.9
2025-09-18T19:33:26.199949,0.667,35488.1,0.6675,1056.0
2025-09-18T19:33:26.203177,0.667,35488.1,0.6675,1056.0
2025-09-18T19:33:26.231742,0.667,35488.1,0.6675,1056.0
2025-09-18T19:33:26.235769,0.667,35488.1,0.6675,1056.0
2025-09-18T19:33:26.236005,0.667,35488.1,0.6675,1056.0
2025-09-18T19:33:26.249085,0.667,35488.1,0.6675,1056.0
2025-09-18T19:33:26.296203,0.667,35488.1,0.6675,1056.0
2025-09-18T19:33:26.300461,0.667,35488.1,0.6675,1056.0
2025-09-18T19:33:26.305305,0.667,35488.1,0.6675,1056.0
2025-09-18T19:33:26.352755,0.667,35488.1,0.6675,1056.0
2025-09-18T19:33:26.353157,0.667,35488.1,0.6675,1056.0
2025-09-18T19:33:26.900276,0.667,35488.1,0.6675,1056.0
2025-09-18T19:33:26.908305,0.667,35488.1,0.6675,1056.0
2025-09-18T19:33:26.913446,0.667,35488.1,0.6675,1056.0
2025-09-18T19:33:27.579555,0.667,35488.1,0.6675,1056.0
2025-09-18T19:33:27.617259,0.667,35488.1,0.6675,1056.0
2025-09-18T19:33:27.625809,0.667,35488.1,0.6675,1056.0
2025-09-18T19:33:27.670061,0.667,35488.1,0.6675,1056.0
2025-09-18T19:33:28.193846,0.667,35488.1,0.6675,1056.0
2025-09-18T19:33:28.248647,0.667,35488.1,0.6675,1056.0
2025-09-18T19:33:28.288961,0.667,35488.1,0.6675,1056.0
2025-09-18T19:33:28.296379,0.667,35488.1,0.6675,1056.0
2025-09-18T19:33:28.301327,0.667,35488.1,0.6675,1056.0
2025-09-18T19:33:28.741650,0.667,35488.1,0.6675,1056.0
2025-09-18T19:33:28.744430,0.667,35488.1,0.6675,1056.0
2025-09-18T19:33:28.750654,0.667,35488.1,0.6675,1056.0
2025-09-18T19:33:28.833115,0.667,35488.1,0.6675,1056.0
2025-09-18T19:33:28.839709,0.667,35488.1,0.6675,1056.0
2025-09-18T19:33:28.846277,0.667,35488.1,0.6675,1056.0
2025-09-18T19:33:28.866333,0.667,35363.7,0.6675,1056.0
2025-09-18T19:33:29.048568,0.667,35363.7,0.6675,1056.0
2025-09-18T19:33:29.055864,0.667,35363.7,0.6675,1056.0
2025-09-18T19:33:29.058856,0.667,35363.7,0.6675,1056.0
2025-09-18T19:33:29.361579,0.667,35363.7,0.6675,1056.0
2025-09-18T19:33:29.568588,0.667,35363.7,0.6675,1056.0
2025-09-18T19:33:29.573567,0.667,35363.7,0.6675,1056.0
2025-09-18T19:33:29.576713,0.667,35363.7,0.6675,1056.0
2025-09-18T19:33:29.988282,0.667,35363.7,0.6675,1056.0
2025-09-18T19:33:29.995374,0.667,35363.7,0.6675,1056.0
2025-09-18T19:33:29.998029,0.667,35363.7,0.6675,1056.0
2025-09-18T19:33:30.002349,0.667,35363.7,0.6675,1056.0
2025-09-18T19:33:30.005976,0.667,35363.7,0.6675,1056.0
2025-09-18T19:33:30.188505,0.667,35363.7,0.6675,1056.0
2025-09-18T19:33:30.193494,0.667,35363.7,0.6675,1056.0
2025-09-18T19:33:30.193944,0.667,35363.7,0.6675,1056.0
2025-09-18T19:33:30.288320,0.667,35363.7,0.6675,1056.0
2025-09-18T19:33:30.293600,0.667,35363.7,0.6675,1056.0
2025-09-18T19:33:30.297315,0.667,35363.7,0.6675,1056.0
2025-09-18T19:33:30.493994,0.667,35363.7,0.6675,1056.0
2025-09-18T19:33:30.868484,0.667,35363.7,0.6675,1056.0
2025-09-18T19:33:30.884410,0.667,35363.7,0.6675,1056.0
2025-09-18T19:33:31.316010,0.667,35363.7,0.6675,1056.0
2025-09-18T19:33:31.318568,0.667,35363.7,0.6675,1056.0
2025-09-18T19:33:31.327750,0.667,35363.7,0.6675,1056.0
2025-09-18T19:33:31.580589,0.667,35363.7,0.6675,1056.0
2025-09-18T19:33:31.694123,0.667,35363.7,0.6675,1056.0
2025-09-18T19:33:31.696847,0.667,35363.7,0.6675,1056.0
2025-09-18T19:33:32.166176,0.667,35363.7,0.6675,1056.0
2025-09-18T19:33:32.174812,0.667,35363.7,0.6675,1056.0
2025-09-18T19:33:32.180573,0.667,35363.7,0.6675,1056.0
2025-09-18T19:33:32.276310,0.667,35363.7,0.6675,1056.0
2025-09-18T19:33:32.329921,0.667,35363.7,0.6675,1056.0
2025-09-18T19:33:32.667723,0.667,35363.7,0.6675,1056.0
2025-09-18T19:33:32.888970,0.667,35363.7,0.6675,1056.0
2025-09-18T19:33:32.889425,0.667,35363.7,0.6675,1056.0
2025-09-18T19:33:32.890758,0.667,35363.7,0.6675,1056.0
2025-09-18T19:33:32.917375,0.667,33513.3,0.6675,1056.0
2025-09-18T19:33:33.291842,0.667,33513.3,0.6675,1056.0
2025-09-18T19:33:33.448423,0.667,33513.3,0.6675,1056.0
2025-09-18T19:33:33.481765,0.667,33513.3,0.6675,1056.0
2025-09-18T19:33:33.487130,0.667,33513.3,0.6675,1056.0
2025-09-18T19:33:33.490015,0.667,33513.3,0.6675,1056.0
2025-09-18T19:33:33.922863,0.667,33513.3,0.6675,1056.0
2025-09-18T19:33:33.984877,0.667,33513.3,0.6675,1056.0
2025-09-18T19:33:34.815105,0.667,33513.3,0.6675,1056.0
2025-09-18T19:33:34.822891,0.667,33513.3,0.6675,1056.0
2025-09-18T19:33:34.828477,0.667,33513.3,0.6675,1056.0
2025-09-18T19:33:37.307944,0.667,33513.3,0.6675,1056.0
2025-09-18T19:33:37.309796,0.667,33513.3,0.6675,1056.0
2025-09-18T19:33:37.317011,0.667,33513.3,0.6675,1056.0
2025-09-18T19:33:37.773300,0.667,33513.3,0.6675,1056.0
2025-09-18T19:33:37.826677,0.667,33216.4,0.6675,1056.0
2025-09-18T19:33:37.887925,0.667,33216.4,0.6675,1056.0
2025-09-18T19:33:37.889267,0.667,33216.4,0.6675,1056.0
2025-09-18T19:33:37.893460,0.667,33216.4,0.6675,1056.0
2025-09-18T19:33:38.010346,0.667,33216.4,0.6675,1056.0
2025-09-18T19:33:38.011605,0.667,33216.4,0.6675,1056.0
2025-09-18T19:33:38.014818,0.667,33216.4,0.6675,1056.0
2025-09-18T19:33:38.093176,0.667,33216.4,0.6675,1056.0
2025-09-18T19:33:38.094000,0.667,33216.4,0.6675,1056.0
2025-09-18T19:33:38.107248,0.667,33216.4,0.6675,1056.0
2025-09-18T19:33:38.810040,0.667,33216.4,0.6675,1056.0
2025-09-18T19:33:38.818064,0.667,33216.4,0.6675,1056.0
2025-09-18T19:33:38.826642,0.667,33216.4,0.6675,1056.0
2025-09-18T19:33:39.098644,0.667,33216.4,0.6675,1056.0
2025-09-18T19:33:39.295777,0.667,33216.4,0.6675,1056.0
2025-09-18T19:33:39.296407,0.667,33216.4,0.6675,1056.0
2025-09-18T19:33:39.303674,0.667,33216.4,0.6675,1056.0
2025-09-18T19:33:39.920848,0.667,33216.4,0.6675,1056.0
2025-09-18T19:33:39.928361,0.667,33216.4,0.6675,1056.0
2025-09-18T19:33:39.931700,0.667,33216.4,0.6675,1056.0
2025-09-18T19:33:40.468162,0.667,33216.4,0.6675,1056.0
2025-09-18T19:33:40.468396,0.667,33216.4,0.6675,1056.0
2025-09-18T19:33:40.468843,0.667,33216.4,0.6675,1056.0
2025-09-18T19:33:40.469797,0.667,33216.4,0.6675,1056.0
2025-09-18T19:33:40.783529,0.667,33216.4,0.6675,1056.0
2025-09-18T19:33:40.989976,0.667,33216.4,0.6675,1056.0
2025-09-18T19:33:41.010370,0.667,33216.4,0.6675,1056.0
2025-09-18T19:33:41.028481,0.667,33216.4,0.6675,1056.0
2025-09-18T19:33:41.745582,0.667,33216.4,0.6675,1056.0
2025-09-18T19:33:41.758263,0.667,33216.4,0.6675,1056.0
2025-09-18T19:33:41.766053,0.667,33216.4,0.6675,1056.0
2025-09-18T19:33:41.770578,0.667,33216.4,0.6675,1056.0
2025-09-18T19:33:42.194786,0.667,33216.4,0.6675,1056.0
2025-09-18T19:33:42.310108,0.667,33216.4,0.6675,1056.0
2025-09-18T19:33:42.312552,0.667,33216.4,0.6675,1056.0
2025-09-18T19:33:42.734197,0.667,33216.4,0.6675,1056.0
2025-09-18T19:33:43.286681,0.667,33216.4,0.6675,1056.0
2025-09-18T19:33:43.298862,0.667,33216.4,0.6675,1056.0
2025-09-18T19:33:43.300032,0.667,33216.4,0.6675,1056.0
2025-09-18T19:33:43.305226,0.667,33216.4,0.6675,1056.0
2025-09-18T19:33:43.337646,0.667,33216.4,0.6675,1056.0
2025-09-18T19:33:43.532440,0.667,33216.4,0.6675,1056.0
2025-09-18T19:33:43.881896,0.667,33216.4,0.6675,1056.0
2025-09-18T19:33:43.884836,0.667,33216.4,0.6675,1056.0
2025-09-18T19:33:43.892104,0.667,33216.4,0.6675,1056.0
2025-09-18T19:33:44.427495,0.667,33216.4,0.6675,1056.0
2025-09-18T19:33:44.434002,0.667,33216.4,0.6675,1056.0
2025-09-18T19:33:44.435661,0.667,33216.4,0.6675,1056.0
2025-09-18T19:33:45.045145,0.667,33216.4,0.6675,1056.0
2025-09-18T19:33:45.048746,0.667,33216.4,0.6675,1056.0
2025-09-18T19:33:45.055179,0.667,33216.4,0.6675,1056.0
2025-09-18T19:33:45.057189,0.667,33216.4,0.6675,1056.0
2025-09-18T19:33:45.064292,0.667,33216.4,0.6675,1056.0
2025-09-18T19:33:45.402249,0.667,33216.4,0.6675,1056.0
2025-09-18T19:33:45.641292,0.667,33216.4,0.6675,1056.0
2025-09-18T19:33:45.676372,0.667,33216.4,0.6675,1056.0
2025-09-18T19:33:45.681519,0.667,33216.4,0.6675,1056.0
2025-09-18T19:33:46.012880,0.667,33216.4,0.6675,1056.0
2025-09-18T19:33:46.477016,0.667,33216.4,0.6675,1056.0
2025-09-18T19:33:46.487907,0.667,33216.4,0.6675,1056.0
2025-09-18T19:33:46.616492,0.667,33216.4,0.6675,1056.0
2025-09-18T19:33:46.620014,0.667,33216.4,0.6675,1056.0
2025-09-18T19:33:46.627094,0.667,33216.4,0.6675,1056.0
2025-09-18T19:33:46.817985,0.667,33216.4,0.6675,1056.0
2025-09-18T19:33:46.880977,0.667,33216.4,0.6675,1056.0
2025-09-18T19:33:46.884717,0.667,33216.4,0.6675,1056.0
2025-09-18T19:33:46.892182,0.667,33216.4,0.6675,1056.0
2025-09-18T19:33:47.376871,0.667,33216.4,0.6675,1056.0
2025-09-18T19:33:47.380246,0.667,33216.4,0.6675,1056.0
2025-09-18T19:33:47.382474,0.667,33216.4,0.6675,1056.0
2025-09-18T19:33:47.501019,0.667,33216.4,0.6675,1056.0
2025-09-18T19:33:47.506529,0.667,33216.4,0.6675,1056.0
2025-09-18T19:33:47.508090,0.667,33216.4,0.6675,1056.0
2025-09-18T19:33:48.009948,0.667,33216.4,0.6675,1056.0
2025-09-18T19:33:48.013206,0.667,33216.4,0.6675,1056.0
2025-09-18T19:33:48.026443,0.667,33216.4,0.6675,1056.0
2025-09-18T19:33:48.072550,0.667,33216.4,0.6675,1056.0
2025-09-18T19:33:48.081397,0.667,33216.4,0.6675,1056.0
2025-09-18T19:33:48.085114,0.667,33216.4,0.6675,1056.0
2025-09-18T19:33:48.366239,0.667,33216.4,0.6675,1056.0
2025-09-18T19:33:48.618660,0.667,33216.4,0.6675,1056.0
2025-09-18T19:33:48.619402,0.667,33216.4,0.6675,1056.0
2025-09-18T19:33:48.625238,0.667,33216.4,0.6675,1056.0
2025-09-18T19:33:48.668240,0.667,33216.4,0.6675,1056.0
2025-09-18T19:33:48.747449,0.667,33216.4,0.6675,1056.0
2025-09-18T19:33:48.752037,0.667,33216.4,0.6675,1056.0
2025-09-18T19:33:48.755989,0.667,33216.4,0.6675,1056.0
2025-09-18T19:33:49.372297,0.667,33216.4,0.6675,1056.0
2025-09-18T19:33:49.379382,0.667,33216.4,0.6675,1056.0
2025-09-18T19:33:49.389393,0.667,33216.4,0.6675,1056.0
2025-09-18T19:33:49.590981,0.667,33216.4,0.6675,1056.0
2025-09-18T19:33:49.720085,0.667,33216.4,0.6675,1056.0
2025-09-18T19:33:49.731249,0.667,33216.4,0.6675,1056.0
2025-09-18T19:33:49.732250,0.667,33216.4,0.6675,1056.0
2025-09-18T19:33:49.745738,0.667,33216.4,0.6675,1056.0
2025-09-18T19:33:49.986259,0.667,33216.4,0.6675,1056.0
2025-09-18T19:33:50.059369,0.667,33216.4,0.67031,2000.0
2025-09-18T19:33:50.061420,0.667,33216.4,0.67031,2000.0
2025-09-18T19:33:50.331514,0.667,33216.4,0.67031,2000.0
2025-09-18T19:33:50.345678,0.667,33216.4,0.67031,2000.0
2025-09-18T19:33:50.346052,0.667,33216.4,0.67031,2000.0
2025-09-18T19:33:50.835927,0.667,33216.4,0.67031,2000.0
2025-09-18T19:33:50.907265,0.667,33216.4,0.67031,2000.0
2025-09-18T19:33:50.916097,0.667,33216.4,0.67031,2000.0
2025-09-18T19:33:50.917175,0.667,33216.4,0.67031,2000.0
2025-09-18T19:33:51.580428,0.667,33216.4,0.67031,2000.0
2025-09-18T19:33:51.591529,0.667,33216.4,0.67031,2000.0
2025-09-18T19:33:51.597077,0.667,33216.4,0.67031,2000.0
2025-09-18T19:33:52.093091,0.667,33216.4,0.67031,2000.0
2025-09-18T19:33:52.095940,0.667,33216.4,0.67031,2000.0
2025-09-18T19:33:52.138677,0.667,33216.4,0.67031,2000.0
2025-09-18T19:33:52.485066,0.667,33216.4,0.67031,2000.0
2025-09-18T19:33:52.525137,0.667,33216.4,0.67031,2000.0
2025-09-18T19:33:52.534376,0.667,33216.4,0.67031,2000.0
2025-09-18T19:33:52.537687,0.667,33216.4,0.67031,2000.0
2025-09-18T19:33:53.132720,0.667,33216.4,0.67031,2000.0
2025-09-18T19:33:53.133264,0.667,33216.4,0.67031,2000.0
2025-09-18T19:33:53.138453,0.667,33216.4,0.67031,2000.0
2025-09-18T19:33:53.261004,0.667,33216.4,0.67591,57977.9
2025-09-18T19:33:53.350149,0.66,3733.4,0.67591,57977.9
2025-09-18T19:33:53.779736,0.66,3733.4,0.67591,57977.9
2025-09-18T19:33:53.818374,0.66,3733.4,0.67591,57977.9
2025-09-18T19:33:53.820814,0.66,3733.4,0.67591,57977.9
2025-09-18T19:33:53.823898,0.66,3733.4,0.67591,57977.9
2025-09-18T19:33:53.831254,0.66,3733.4,0.67591,57977.9
2025-09-18T19:33:54.065687,0.66,3733.4,0.67591,57977.9
2025-09-18T19:33:54.202726,0.66,3733.4,0.67591,57977.9
2025-09-18T19:33:54.378390,0.66,3733.4,0.67591,57977.9
2025-09-18T19:33:54.379392,0.66,3733.4,0.67591,57977.9
2025-09-18T19:33:54.961222,0.66,3733.4,0.67591,57977.9
2025-09-18T19:33:54.965494,0.66,3733.4,0.67591,57977.9
2025-09-18T19:33:55.117840,0.66,3733.4,0.67591,57977.9
2025-09-18T19:33:55.349170,0.66,3733.4,0.67591,57977.9
2025-09-18T19:33:55.549107,0.66,3733.4,0.67591,57977.9
2025-09-18T19:33:55.551437,0.66,3733.4,0.67591,57977.9
2025-09-18T19:33:55.552143,0.66,3733.4,0.67591,57977.9
2025-09-18T19:33:55.603173,0.66,3733.4,0.67591,57977.9
2025-09-18T19:33:55.845360,0.66,3733.4,0.67591,57977.9
2025-09-18T19:33:56.118745,0.66,3733.4,0.67591,57977.9
2025-09-18T19:33:56.185930,0.66,3733.4,0.67591,57977.9
2025-09-18T19:33:56.191154,0.66,3733.4,0.67591,57977.9
2025-09-18T19:33:56.198579,0.66,3733.4,0.67591,57977.9
2025-09-18T19:33:56.547744,0.66,3733.4,0.67591,57977.9
2025-09-18T19:33:56.926182,0.66,3733.4,0.67591,57977.9
2025-09-18T19:33:56.928327,0.66,3733.4,0.67591,57977.9
2025-09-18T19:33:56.934281,0.66,3733.4,0.67591,57977.9
2025-09-18T19:33:56.996116,0.66,3733.4,0.67591,57977.9
2025-09-18T19:33:57.002113,0.66,3733.4,0.67591,57977.9
2025-09-18T19:33:57.004027,0.66,3733.4,0.67591,57977.9
2025-09-18T19:33:57.403451,0.66,3733.4,0.67591,57977.9
2025-09-18T19:33:57.412129,0.66,3733.4,0.67591,57977.9
2025-09-18T19:33:57.412928,0.66,3733.4,0.67591,57977.9
2025-09-18T19:33:57.419325,0.66,3733.4,0.67591,57977.9
2025-09-18T19:33:57.421024,0.66,3733.4,0.67591,57977.9
2025-09-18T19:33:57.541914,0.66,3733.4,0.67591,57977.9
2025-09-18T19:33:57.852802,0.66,3733.4,0.67591,57977.9
2025-09-18T19:33:57.856074,0.66,3733.4,0.67591,57977.9
2025-09-18T19:33:57.861294,0.66,3733.4,0.67591,57977.9
2025-09-18T19:33:57.864791,0.66,3733.4,0.67591,57977.9
2025-09-18T19:33:57.869598,0.66,3733.4,0.67591,57977.9
2025-09-18T19:33:57.980472,0.66,3733.4,0.67591,57977.9
2025-09-18T19:33:57.986323,0.66,3733.4,0.67591,57977.9
2025-09-18T19:33:57.993880,0.66,3733.4,0.67591,57977.9
2025-09-18T19:33:58.820459,0.66,3733.4,0.67591,57977.9
2025-09-18T19:33:59.315035,0.66,3733.4,0.67591,57977.9
2025-09-18T19:33:59.436334,0.66,3733.4,0.67591,57977.9
2025-09-18T19:33:59.956378,0.66,3733.4,0.67591,57977.9
2025-09-18T19:34:00.241663,0.66,3733.4,0.67591,57977.9
2025-09-18T19:34:00.837350,0.66,3733.4,0.67591,57977.9
2025-09-18T19:34:01.267949,0.66,3733.4,0.67591,57977.9
2025-09-18T19:34:01.344270,0.66,3733.4,0.67591,57977.9
2025-09-18T19:34:01.688195,0.66,3733.4,0.67591,57977.9
2025-09-18T19:34:02.113568,0.66,3733.4,0.67591,57977.9
2025-09-18T19:34:02.358607,0.66,3733.4,0.67591,57977.9
2025-09-18T19:34:02.361178,0.66,3733.4,0.67591,57977.9
2025-09-18T19:34:02.402377,0.66,3733.4,0.67591,57977.9
2025-09-18T19:34:02.410668,0.66,3733.4,0.67591,57977.9
2025-09-18T19:34:02.932226,0.66,3733.4,0.67591,57977.9
2025-09-18T19:34:02.935182,0.66,3733.4,0.67591,57977.9
2025-09-18T19:34:03.230676,0.66,3733.4,0.67591,57977.9
2025-09-18T19:34:03.462390,0.66,3733.4,0.67591,57977.9
2025-09-18T19:34:03.969768,0.66,3733.4,0.67591,57977.9
2025-09-18T19:34:04.039531,0.66,3733.4,0.67591,57977.9
2025-09-18T19:34:04.058141,0.66,3733.4,0.67591,57977.9
2025-09-18T19:34:04.247834,0.66,3733.4,0.67591,57977.9
2025-09-18T19:34:05.142011,0.66,3733.4,0.67591,57977.9
2025-09-18T19:34:05.304439,0.66,3733.4,0.67591,57977.9
2025-09-18T19:34:05.309493,0.66,3733.4,0.67591,57977.9
2025-09-18T19:34:05.924911,0.66,3733.4,0.67591,57977.9
2025-09-18T19:34:06.104941,0.66,3733.4,0.67591,57977.9
2025-09-18T19:34:06.109104,0.66,3733.4,0.67591,57977.9
2025-09-18T19:34:06.109545,0.66,3733.4,0.67591,57977.9
2025-09-18T19:34:06.506346,0.66,3733.4,0.67591,57977.9
2025-09-18T19:34:06.510803,0.66,3733.4,0.67591,57977.9
2025-09-18T19:34:07.081678,0.66,3733.4,0.67591,57977.9
2025-09-18T19:34:07.088854,0.66,3733.4,0.67591,57977.9
2025-09-18T19:34:07.652654,0.66,3733.4,0.67591,57977.9
2025-09-18T19:34:07.658100,0.66,3733.4,0.67591,57977.9
2025-09-18T19:34:08.026195,0.66,3733.4,0.67591,57977.9
2025-09-18T19:34:08.332011,0.66,3733.4,0.67591,57977.9
2025-09-18T19:34:08.338476,0.66,3733.4,0.67591,57977.9
2025-09-18T19:34:09.057686,0.66,3733.4,0.67591,57977.9
2025-09-18T19:34:09.065237,0.66,3733.4,0.67591,57977.9
2025-09-18T19:34:09.075636,0.66,3733.4,0.67591,57977.9
2025-09-18T19:34:09.272616,0.66,3733.4,0.67591,57977.9
2025-09-18T19:34:09.926023,0.66,3733.4,0.67591,57977.9
2025-09-18T19:34:09.932641,0.66,3733.4,0.67591,57977.9
2025-09-18T19:34:09.940394,0.66,3733.4,0.67591,57977.9
2025-09-18T19:34:10.537238,0.66,3733.4,0.67591,57977.9
2025-09-18T19:34:10.538607,0.66,3733.4,0.67591,57977.9
2025-09-18T19:34:10.543436,0.66,3733.4,0.67591,57977.9
2025-09-18T19:34:10.682035,0.66,3733.4,0.67591,57977.9
2025-09-18T19:34:10.865089,0.66,3733.4,0.67591,57977.9
2025-09-18T19:34:10.869079,0.66,3733.4,0.67591,57977.9
2025-09-18T19:34:10.872754,0.66,3733.4,0.67591,57977.9
2025-09-18T19:34:11.418264,0.66,3733.4,0.67591,57977.9
2025-09-18T19:34:11.427933,0.66,3733.4,0.67591,57977.9
2025-09-18T19:34:11.430995,0.66,3733.4,0.67591,57977.9
2025-09-18T19:34:11.433350,0.66,3733.4,0.67591,57977.9
2025-09-18T19:34:11.807866,0.66,3733.4,0.67591,57977.9
2025-09-18T19:34:11.981868,0.66,3733.4,0.67591,57977.9
2025-09-18T19:34:11.982338,0.66,3733.4,0.67591,57977.9
2025-09-18T19:34:11.982625,0.66,3733.4,0.67591,57977.9
2025-09-18T19:34:12.272223,0.66,3733.4,0.67591,57977.9
2025-09-18T19:34:12.528901,0.66,3733.4,0.67591,57977.9
2025-09-18T19:34:12.531653,0.66,3733.4,0.67591,57977.9
2025-09-18T19:34:12.535545,0.66,3733.4,0.67591,57977.9
2025-09-18T19:34:12.828225,0.66,3733.4,0.67591,57977.9
2025-09-18T19:34:13.073857,0.66,3733.4,0.67591,57977.9
2025-09-18T19:34:13.080865,0.66,3733.4,0.67591,57977.9
2025-09-18T19:34:13.622815,0.66,3733.4,0.67591,57977.9
2025-09-18T19:34:14.225398,0.66,3733.4,0.67591,57977.9
2025-09-18T19:34:14.288401,0.66,3733.4,0.67591,57977.9
2025-09-18T19:34:14.294369,0.66,3733.4,0.67591,57977.9
2025-09-18T19:34:14.622331,0.66,3733.4,0.67591,58714.2
2025-09-18T19:34:14.630473,0.66,3733.4,0.67591,58714.2
2025-09-18T19:34:14.890396,0.66,3733.4,0.67591,58714.2
2025-09-18T19:34:14.892143,0.66,3733.4,0.67591,58714.2
2025-09-18T19:34:14.896235,0.66,3733.4,0.67591,58714.2
2025-09-18T19:34:15.355099,0.66,3733.4,0.67591,58714.2
2025-09-18T19:34:15.917237,0.66,3733.4,0.67591,58714.2
2025-09-18T19:34:15.937883,0.66,3733.4,0.67591,58714.2
2025-09-18T19:34:16.068328,0.66,3733.4,0.67591,58714.2
2025-09-18T19:34:16.098640,0.66,3733.4,0.67591,58714.2
2025-09-18T19:34:16.207220,0.66,3733.4,0.67591,58714.2
2025-09-18T19:34:16.499032,0.66,3733.4,0.67591,58714.2
2025-09-18T19:34:16.504337,0.66,3733.4,0.67591,58714.2
2025-09-18T19:34:16.508271,0.66,3733.4,0.67591,58714.2
2025-09-18T19:34:16.903151,0.66,3733.4,0.67591,58714.2
2025-09-18T19:34:17.150124,0.66,3733.4,0.67591,58714.2
2025-09-18T19:34:17.175172,0.66,3733.4,0.67591,58714.2
2025-09-18T19:34:17.189099,0.66,3733.4,0.67591,58714.2
2025-09-18T19:34:17.201856,0.66,3733.4,0.67591,58714.2
2025-09-18T19:34:17.742176,0.66,3733.4,0.67591,58714.2
2025-09-18T19:34:18.132373,0.66,3733.4,0.67591,58714.2
2025-09-18T19:34:18.552111,0.66,3733.4,0.67591,58714.2
2025-09-18T19:34:19.449491,0.66,3733.4,0.67591,58714.2
2025-09-18T19:34:19.780710,0.66,3733.4,0.67591,58714.2
2025-09-18T19:34:19.786905,0.66,3733.4,0.67591,58714.2
2025-09-18T19:34:19.892106,0.66,3733.4,0.67591,58714.2
2025-09-18T19:34:20.419921,0.66,3733.4,0.67591,58714.2
2025-09-18T19:34:20.811616,0.66,3733.4,0.67591,58714.2
2025-09-18T19:34:20.815356,0.66,3733.4,0.67591,58714.2
2025-09-18T19:34:20.819865,0.66,3733.4,0.67591,58714.2
2025-09-18T19:34:20.919603,0.66,3733.4,0.67591,58714.2
2025-09-18T19:34:21.348462,0.66,3733.4,0.67591,58714.2
2025-09-18T19:34:21.840652,0.66,3733.4,0.67591,58714.2
2025-09-18T19:34:22.007270,0.66,3733.4,0.67591,58714.2
2025-09-18T19:34:22.347746,0.66,3733.4,0.67591,58714.2
2025-09-18T19:34:22.451575,0.66,3733.4,0.67591,58714.2
2025-09-18T19:34:22.811516,0.66,3733.4,0.67591,58714.2
2025-09-18T19:34:23.996040,0.66,3733.4,0.67591,58714.2
2025-09-18T19:34:24.034786,0.66,3733.4,0.67591,58714.2
2025-09-18T19:34:24.602158,0.66,3733.4,0.67591,58714.2
2025-09-18T19:34:24.604328,0.66,3733.4,0.67591,58714.2
2025-09-18T19:34:36.529946,0.66193,19242.3,0.66205,9927.5
2025-09-18T19:34:37.429469,0.66193,19242.3,0.66205,9927.5
2025-09-18T19:34:37.429705,0.66193,19242.3,0.66205,9927.5
2025-09-18T19:34:37.429917,0.66193,19242.3,0.66205,9927.5
2025-09-18T19:34:37.450339,0.66193,19242.3,0.66205,9927.5
2025-09-18T19:34:37.467922,0.66193,19242.3,0.66205,9927.5
2025-09-18T19:34:37.468127,0.66193,19242.3,0.66205,9927.5
2025-09-18T19:34:37.571586,0.66193,19242.3,0.66205,9927.5
2025-09-18T19:34:38.059288,0.66193,19242.3,0.66205,9927.5
2025-09-18T19:34:38.065956,0.66193,19242.3,0.66205,9927.5
2025-09-18T19:34:38.067739,0.66193,19242.3,0.66205,9927.5
2025-09-18T19:34:38.193498,0.66193,19242.3,0.66205,9927.5
2025-09-18T19:34:38.200939,0.66193,19242.3,0.66205,9927.5
2025-09-18T19:34:38.268321,0.66193,19242.3,0.66205,9927.5
2025-09-18T19:34:38.735793,0.66193,19242.3,0.66205,9927.5
2025-09-18T19:34:38.740454,0.66193,19242.3,0.66205,9927.5
2025-09-18T19:34:39.572650,0.66193,19242.3,0.66205,9927.5
2025-09-18T19:34:39.576114,0.66193,19242.3,0.66205,9927.5
2025-09-18T19:34:39.670991,0.66193,19242.3,0.66205,9927.5
2025-09-18T19:34:39.796130,0.66193,19242.3,0.66205,9927.5
2025-09-18T19:34:39.817547,0.66193,19242.3,0.66205,9927.5
2025-09-18T19:34:39.903233,0.66193,19242.3,0.66205,9927.5
2025-09-18T19:34:39.966456,0.66193,19242.3,0.66205,9927.5
2025-09-18T19:34:39.968754,0.66193,19242.3,0.66205,9927.5
2025-09-18T19:34:40.314868,0.66193,19242.3,0.66205,9927.5
2025-09-18T19:34:40.401364,0.66193,19242.3,0.66205,9927.5
2025-09-18T19:34:40.490384,0.66193,19242.3,0.66205,9927.5
2025-09-18T19:34:40.499164,0.66193,19242.3,0.66205,9927.5
2025-09-18T19:34:40.810368,0.66193,19242.3,0.66205,9927.5
2025-09-18T19:34:41.073867,0.66193,19242.3,0.66205,9927.5
2025-09-18T19:34:41.080822,0.66193,19242.3,0.66205,9927.5
2025-09-18T19:34:41.086815,0.66193,19242.3,0.66205,9927.5
2025-09-18T19:34:41.311696,0.66193,19242.3,0.66205,9927.5
2025-09-18T19:34:41.552835,0.66193,19242.3,0.66205,9927.5
2025-09-18T19:34:41.560219,0.66193,19242.3,0.66205,9927.5
2025-09-18T19:34:41.567929,0.66193,19242.3,0.66205,9927.5
2025-09-18T19:34:41.711349,0.66193,19242.3,0.66205,9927.5
2025-09-18T19:34:41.713862,0.66193,19242.3,0.66205,9927.5
2025-09-18T19:34:41.718856,0.66193,19242.3,0.66205,9927.5
2025-09-18T19:34:42.422609,0.66193,19242.3,0.66205,9927.5
2025-09-18T19:34:42.429215,0.66193,19242.3,0.66205,9927.5
2025-09-18T19:34:42.680792,0.66193,19242.3,0.66205,9927.5
2025-09-18T19:34:43.263444,0.66193,19242.3,0.66205,9927.5
2025-09-18T19:34:43.472312,0.66193,19242.3,0.66205,9927.5
2025-09-18T19:34:43.478130,0.66193,19242.3,0.66205,9927.5
2025-09-18T19:34:44.066165,0.66193,19242.3,0.66205,9927.5
2025-09-18T19:34:44.068626,0.66193,19242.3,0.66205,9927.5
2025-09-18T19:34:44.487438,0.66193,19242.3,0.66205,9927.5
2025-09-18T19:34:44.492964,0.66193,19242.3,0.66205,9927.5
2025-09-18T19:34:44.610256,0.66193,19242.3,0.66205,9927.5
2025-09-18T19:34:45.061155,0.66193,19242.3,0.66205,9927.5
2025-09-18T19:34:45.065961,0.66193,19242.3,0.66205,9927.5
2025-09-18T19:34:45.144713,0.66193,19242.3,0.66205,9927.5
2025-09-18T19:34:45.634835,0.66193,19242.3,0.66205,9927.5
2025-09-18T19:34:45.640249,0.66193,19242.3,0.66205,9927.5
2025-09-18T19:34:45.698052,0.66193,19242.3,0.66205,9927.5
2025-09-18T19:34:45.989396,0.66193,19242.3,0.66205,9927.5
2025-09-18T19:34:46.114237,0.66193,19242.3,0.66205,9927.5
2025-09-18T19:34:46.159272,0.66193,19242.3,0.66205,9927.5
2025-09-18T19:34:46.807600,0.66193,19242.3,0.66205,9927.5
2025-09-18T19:34:46.807981,0.66193,19242.3,0.66205,9927.5
2025-09-18T19:34:46.871785,0.66193,19242.3,0.66205,4223.8
2025-09-18T19:34:47.284727,0.66193,19242.3,0.66205,4223.8
2025-09-18T19:34:47.930472,0.66193,19242.3,0.66205,4223.8
2025-09-18T19:34:48.170468,0.66193,19242.3,0.66205,4223.8
2025-09-18T19:34:48.730252,0.66193,19242.3,0.66205,4223.8
2025-09-18T19:34:48.914479,0.66193,19242.3,0.66205,4223.8
2025-09-18T19:34:49.109213,0.66193,19242.3,0.66205,4223.8
2025-09-18T19:34:49.548575,0.66193,19242.3,0.66705,3000.0
2025-09-18T19:34:49.796865,0.66193,19242.3,0.66705,3000.0
2025-09-18T19:34:51.034170,0.66193,19242.3,0.66705,3000.0
2025-09-18T19:34:51.344260,0.66193,19242.3,0.66705,3000.0
2025-09-18T19:34:51.661632,0.66193,19242.3,0.66705,3000.0
2025-09-18T19:34:51.662820,0.66193,19242.3,0.66705,3000.0
2025-09-18T19:34:52.079429,0.66193,19242.3,0.66705,3000.0
2025-09-18T19:34:52.421945,0.66193,19242.3,0.66705,3000.0
2025-09-18T19:34:52.584209,0.66193,19242.3,0.66705,3000.0
2025-09-18T19:34:52.587267,0.66193,19242.3,0.66705,3000.0
2025-09-18T19:34:52.728800,0.66193,19242.3,0.66705,3000.0
2025-09-18T19:34:52.857469,0.66193,19242.3,0.66705,3000.0
2025-09-18T19:34:53.495346,0.66193,19242.3,0.66705,3000.0
2025-09-18T19:34:53.811200,0.66193,19242.3,0.66705,3000.0
2025-09-18T19:34:54.029426,0.66193,19242.3,0.66705,3000.0
2025-09-18T19:34:54.051897,0.66193,19242.3,0.66705,3000.0
2025-09-18T19:34:54.186163,0.66193,19242.3,0.66705,3000.0
2025-09-18T19:34:54.655726,0.66193,19242.3,0.66705,3000.0
2025-09-18T19:34:54.667416,0.66193,19242.3,0.66705,3000.0
2025-09-18T19:34:54.682769,0.66193,19242.3,0.66705,3000.0
2025-09-18T19:34:55.077736,0.66193,19242.3,0.66705,3000.0
2025-09-18T19:34:55.319996,0.66193,19242.3,0.66705,3000.0
2025-09-18T19:34:55.573051,0.66193,19242.3,0.66705,3000.0
2025-09-18T19:34:55.590391,0.66193,19242.3,0.66705,3000.0
2025-09-18T19:34:56.167451,0.66193,19242.3,0.66705,3000.0
2025-09-18T19:34:57.032371,0.66193,19242.3,0.66705,3000.0
2025-09-18T19:34:57.468124,0.66193,19242.3,0.66705,3000.0
2025-09-18T19:34:57.499402,0.66193,19242.3,0.66705,3000.0
2025-09-18T19:34:57.532125,0.66193,19242.3,0.66705,3000.0
2025-09-18T19:34:57.586962,0.66193,19242.3,0.66705,3000.0
2025-09-18T19:34:57.589675,0.66193,19242.3,0.66705,3000.0
2025-09-18T19:34:57.679367,0.66193,19242.3,0.66705,3000.0
2025-09-18T19:34:57.844127,0.66193,19242.3,0.66705,3000.0
2025-09-18T19:34:57.854252,0.66193,19242.3,0.66705,3000.0
2025-09-18T19:34:57.856224,0.66193,19242.3,0.66705,3000.0
2025-09-18T19:34:58.097115,0.66193,19242.3,0.66705,3000.0
2025-09-18T19:34:58.099744,0.66193,19242.3,0.66705,3000.0
2025-09-18T19:34:58.103563,0.66193,19242.3,0.66705,3000.0
2025-09-18T19:34:58.161420,0.66193,19242.3,0.66705,3000.0
2025-09-18T19:34:58.163063,0.66193,19242.3,0.66705,3000.0
2025-09-18T19:34:58.170316,0.66193,19242.3,0.66705,3000.0
2025-09-18T19:34:58.172638,0.66193,19242.3,0.66705,3000.0
2025-09-18T19:34:58.183146,0.66193,19242.3,0.66705,3000.0
2025-09-18T19:34:58.183479,0.66193,19242.3,0.66705,3000.0
2025-09-18T19:34:58.257415,0.66193,19242.3,0.66705,3000.0
2025-09-18T19:34:58.259516,0.66193,19242.3,0.66705,3000.0
2025-09-18T19:34:58.264072,0.66193,19242.3,0.66705,3000.0
2025-09-18T19:34:58.266908,0.66193,19242.3,0.66705,3000.0
2025-09-18T19:34:58.327992,0.66193,19242.3,0.66705,3000.0
2025-09-18T19:34:58.337256,0.66193,19242.3,0.66705,3000.0
2025-09-18T19:34:58.339051,0.66193,19242.3,0.66705,3000.0
2025-09-18T19:34:58.377535,0.66193,19242.3,0.66705,3000.0
2025-09-18T19:34:58.388992,0.66193,19242.3,0.66705,3000.0
2025-09-18T19:34:58.390355,0.66193,19242.3,0.66705,3000.0
2025-09-18T19:34:58.398455,0.66193,19242.3,0.66705,3000.0
2025-09-18T19:34:58.421824,0.66193,19242.3,0.66705,3000.0
2025-09-18T19:34:58.425458,0.66193,19242.3,0.66705,3000.0
2025-09-18T19:34:58.612032,0.66193,19242.3,0.66705,3000.0
2025-09-18T19:34:58.614369,0.66193,19242.3,0.66705,3000.0
2025-09-18T19:34:58.645171,0.66193,19242.3,0.66705,3000.0
2025-09-18T19:34:58.663030,0.66193,19242.3,0.66705,3000.0
2025-09-18T19:34:58.681055,0.66193,19242.3,0.66705,3000.0
2025-09-18T19:34:58.893697,0.66193,19242.3,0.66705,3000.0
2025-09-18T19:34:58.914091,0.66193,19242.3,0.66705,3000.0
2025-09-18T19:34:58.921175,0.66193,19242.3,0.66705,3000.0
2025-09-18T19:34:58.923267,0.66193,19242.3,0.66705,3000.0
2025-09-18T19:34:58.964515,0.66193,19242.3,0.66705,3000.0
2025-09-18T19:34:58.968157,0.66193,19242.3,0.66705,3000.0
2025-09-18T19:34:59.034158,0.66193,19242.3,0.66705,3000.0
2025-09-18T19:34:59.041155,0.66193,19242.3,0.66705,3000.0
2025-09-18T19:34:59.046954,0.66193,19242.3,0.66705,3000.0
2025-09-18T19:34:59.052135,0.66193,19242.3,0.66705,3000.0
2025-09-18T19:34:59.059942,0.66193,19242.3,0.66705,3000.0
2025-09-18T19:34:59.191271,0.66193,19242.3,0.66705,3000.0
2025-09-18T19:34:59.197573,0.66193,19242.3,0.66705,3000.0
2025-09-18T19:34:59.206978,0.66193,19242.3,0.66705,3000.0
2025-09-18T19:34:59.292597,0.66193,19242.3,0.66705,3000.0
2025-09-18T19:34:59.295994,0.66193,19242.3,0.66705,3000.0
2025-09-18T19:34:59.304013,0.66193,15248.5,0.66705,3000.0
2025-09-18T19:34:59.452577,0.66193,15248.5,0.66705,3000.0
2025-09-18T19:34:59.518101,0.66193,15248.5,0.66705,3000.0
2025-09-18T19:34:59.531476,0.66193,11294.6,0.66705,3000.0
2025-09-18T19:34:59.560526,0.66193,11294.6,0.66705,3000.0
2025-09-18T19:34:59.584700,0.66193,11294.6,0.66705,3000.0
2025-09-18T19:34:59.585247,0.66193,11294.6,0.66705,3000.0
2025-09-18T19:34:59.749456,0.66193,11294.6,0.66705,3000.0
2025-09-18T19:34:59.804050,0.66193,11294.6,0.66705,3000.0
2025-09-18T19:34:59.806560,0.66193,11294.6,0.66705,3000.0
2025-09-18T19:34:59.903033,0.66193,11294.6,0.66705,3000.0
2025-09-18T19:34:59.905790,0.66193,11294.6,0.66705,3000.0
2025-09-18T19:34:59.908837,0.66193,11294.6,0.66705,3000.0
2025-09-18T19:35:00.013044,0.66193,11294.6,0.66705,3000.0
2025-09-18T19:35:00.019195,0.66193,11294.6,0.66705,3000.0
2025-09-18T19:35:00.146288,0.66193,11294.6,0.66705,3000.0
2025-09-18T19:35:00.150176,0.66193,11294.6,0.66705,3000.0
2025-09-18T19:35:00.287892,0.66193,11294.6,0.66705,3000.0
2025-09-18T19:35:00.294968,0.66193,11294.6,0.66705,3000.0
2025-09-18T19:35:00.345636,0.66193,11294.6,0.66705,3000.0
2025-09-18T19:35:00.353838,0.66193,11294.6,0.66705,3000.0
2025-09-18T19:35:00.419468,0.66193,11294.6,0.66705,3000.0
2025-09-18T19:35:00.423544,0.66193,11294.6,0.66705,3000.0
2025-09-18T19:35:00.504680,0.66193,11294.6,0.66705,3000.0
2025-09-18T19:35:00.581130,0.66193,11294.6,0.66705,3000.0
2025-09-18T19:35:00.892611,0.66193,11294.6,0.66705,3000.0
2025-09-18T19:35:01.014720,0.66193,11294.6,0.66705,3000.0
2025-09-18T19:35:01.055340,0.66193,11294.6,0.66705,3000.0
2025-09-18T19:35:01.057412,0.66193,11294.6,0.66705,3000.0
2025-09-18T19:35:01.208050,0.66193,11294.6,0.66705,3000.0
2025-09-18T19:35:01.215282,0.66193,11294.6,0.66705,3000.0
2025-09-18T19:35:01.292031,0.66193,11294.6,0.66705,3000.0
2025-09-18T19:35:01.297622,0.66193,11294.6,0.66705,3000.0
2025-09-18T19:35:01.609335,0.66193,11294.6,0.66705,3000.0
2025-09-18T19:35:01.618090,0.66193,11294.6,0.66705,3000.0
2025-09-18T19:35:01.655133,0.66193,11294.6,0.66705,3000.0
2025-09-18T19:35:01.700980,0.66193,11294.6,0.66705,3000.0
2025-09-18T19:35:01.732934,0.66193,11294.6,0.66705,3000.0
2025-09-18T19:35:01.754053,0.66193,11294.6,0.66705,3000.0
2025-09-18T19:35:01.895523,0.66193,11294.6,0.66705,3000.0
2025-09-18T19:35:01.895958,0.66193,11294.6,0.66705,3000.0
2025-09-18T19:35:01.898024,0.66193,11294.6,0.66705,3000.0
2025-09-18T19:35:01.977158,0.66193,11294.6,0.66705,3000.0
2025-09-18T19:35:01.979116,0.66193,11294.6,0.66705,3000.0
2025-09-18T19:35:01.980119,0.66193,11294.6,0.66705,3000.0
2025-09-18T19:35:02.145817,0.66193,11294.6,0.66705,3000.0
2025-09-18T19:35:02.184513,0.66193,11294.6,0.66705,3000.0
2025-09-18T19:35:02.185034,0.66193,11294.6,0.66705,3000.0
2025-09-18T19:35:02.223947,0.66193,11294.6,0.66705,3000.0
2025-09-18T19:35:02.296495,0.66193,11294.6,0.66705,3000.0
2025-09-18T19:35:02.329942,0.66193,11294.6,0.66705,3000.0
2025-09-18T19:35:02.335318,0.66193,11294.6,0.66705,3000.0
2025-09-18T19:35:02.463285,0.66193,11294.6,0.66705,3000.0
2025-09-18T19:35:02.592827,0.66193,11294.6,0.66705,3000.0
2025-09-18T19:35:02.594249,0.66193,11294.6,0.66705,3000.0
2025-09-18T19:35:02.595540,0.66193,11294.6,0.66705,3000.0
2025-09-18T19:35:02.599524,0.66193,11294.6,0.66705,3000.0
2025-09-18T19:35:03.035417,0.66193,11294.6,0.66705,3000.0
2025-09-18T19:35:03.039206,0.66193,11294.6,0.66705,3000.0
2025-09-18T19:35:03.041692,0.66193,11294.6,0.66705,3000.0
2025-09-18T19:35:03.095003,0.66193,11294.6,0.66705,3000.0
2025-09-18T19:35:03.098561,0.66193,11294.6,0.66705,3000.0
2025-09-18T19:35:03.143531,0.66193,11294.6,0.66705,3000.0
2025-09-18T19:35:03.150413,0.66193,11294.6,0.66705,3000.0
2025-09-18T19:35:03.153844,0.66193,11294.6,0.66705,3000.0
2025-09-18T19:35:03.159976,0.66193,11294.6,0.66705,3000.0
2025-09-18T19:35:03.164304,0.66193,11294.6,0.66705,3000.0
2025-09-18T19:35:03.248790,0.66193,11294.6,0.66705,3000.0
2025-09-18T19:35:03.260080,0.66193,11294.6,0.66705,3000.0
2025-09-18T19:35:03.261046,0.66193,11294.6,0.66705,3000.0
2025-09-18T19:35:03.282033,0.66193,11294.6,0.66705,3000.0
2025-09-18T19:35:03.421293,0.66193,11294.6,0.66705,3000.0
2025-09-18T19:35:03.431364,0.66193,11294.6,0.66705,3000.0
2025-09-18T19:35:03.436971,0.66193,11294.6,0.66705,3000.0
2025-09-18T19:35:03.573468,0.66193,11294.6,0.66705,3000.0
2025-09-18T19:35:03.574057,0.66193,11294.6,0.66705,3000.0
2025-09-18T19:35:03.582152,0.66193,11294.6,0.66705,3000.0
2025-09-18T19:35:03.736138,0.66193,11294.6,0.66705,3000.0
2025-09-18T19:35:03.804188,0.66193,11294.6,0.66705,3000.0
2025-09-18T19:35:03.822306,0.66193,11294.6,0.66705,3000.0
2025-09-18T19:35:03.823964,0.66193,11294.6,0.66705,3000.0
2025-09-18T19:35:03.828602,0.66193,11294.6,0.66705,3000.0
2025-09-18T19:35:03.858226,0.66193,11294.6,0.66705,3000.0
2025-09-18T19:35:03.865688,0.66193,11294.6,0.66705,3000.0
2025-09-18T19:35:03.944695,0.66193,11294.6,0.66705,3000.0
2025-09-18T19:35:03.950319,0.66193,11294.6,0.66705,3000.0
2025-09-18T19:35:04.040954,0.66193,11294.6,0.66705,3000.0
2025-09-18T19:35:04.047263,0.66193,11294.6,0.66705,3000.0
2025-09-18T19:35:04.048818,0.66193,11294.6,0.66705,3000.0
2025-09-18T19:35:04.079113,0.66193,11294.6,0.66705,3000.0
2025-09-18T19:35:04.087942,0.66193,11294.6,0.66705,3000.0
2025-09-18T19:35:04.112745,0.66193,11294.6,0.66705,3000.0
2025-09-18T19:35:04.118816,0.66193,11294.6,0.66705,3000.0
2025-09-18T19:35:04.124975,0.66193,9084.4,0.66705,3000.0
2025-09-18T19:35:04.173420,0.66193,9084.4,0.66705,3000.0
2025-09-18T19:35:04.181747,0.66193,9084.4,0.66705,3000.0
2025-09-18T19:35:04.323774,0.66193,9084.4,0.66705,3000.0
2025-09-18T19:35:04.332255,0.66193,2451.2,0.66705,3000.0
2025-09-18T19:35:04.398359,0.66193,2451.2,0.66705,3000.0
2025-09-18T19:35:04.402937,0.66193,2451.2,0.66705,3000.0
2025-09-18T19:35:04.419915,0.66193,2451.2,0.66705,3000.0
2025-09-18T19:35:04.432298,0.66193,2451.2,0.66705,3000.0
2025-09-18T19:35:04.758013,0.66193,2451.2,0.66705,3000.0
2025-09-18T19:35:05.051028,0.66193,2451.2,0.66705,3000.0
2025-09-18T19:35:05.057844,0.66193,2451.2,0.66705,3000.0
2025-09-18T19:35:05.066984,0.66193,2451.2,0.66705,3000.0
2025-09-18T19:35:05.824215,0.66193,2451.2,0.66705,3000.0
2025-09-18T19:35:05.828906,0.66193,2451.2,0.66705,3000.0
2025-09-18T19:35:06.074009,0.66193,2025.0,0.66705,3000.0
2025-09-18T19:35:06.189785,0.66193,2025.0,0.66705,3000.0
2025-09-18T19:35:06.195964,0.66193,2025.0,0.66705,3000.0
2025-09-18T19:35:06.255234,0.66193,2025.0,0.66705,3000.0
2025-09-18T19:35:06.289004,0.66193,2025.0,0.66705,3000.0
2025-09-18T19:35:06.289471,0.66193,2025.0,0.66705,3000.0
2025-09-18T19:35:06.289773,0.66193,2025.0,0.66705,3000.0
2025-09-18T19:35:06.349379,0.66193,2025.0,0.66705,3000.0
2025-09-18T19:35:06.354208,0.66193,2025.0,0.66705,3000.0
2025-09-18T19:35:06.376112,0.66193,2025.0,0.66705,3000.0
2025-09-18T19:35:06.384503,0.66193,2025.0,0.66705,3000.0
2025-09-18T19:35:06.419852,0.66193,2025.0,0.66705,3000.0
2025-09-18T19:35:06.422621,0.66193,2025.0,0.66705,3000.0
2025-09-18T19:35:06.505340,0.66193,2025.0,0.66705,3000.0
2025-09-18T19:35:06.507965,0.66193,2025.0,0.66705,3000.0
2025-09-18T19:35:06.531024,0.66193,2025.0,0.66705,3000.0
2025-09-18T19:35:06.617522,0.66193,2025.0,0.66705,3000.0
2025-09-18T19:35:06.833784,0.66193,2025.0,0.66705,3000.0
2025-09-18T19:35:07.403054,0.66193,2025.0,0.66705,3000.0
2025-09-18T19:35:07.406829,0.66193,2025.0,0.66705,3000.0
2025-09-18T19:35:07.409668,0.66193,2025.0,0.66705,3000.0
2025-09-18T19:35:07.750110,0.66193,2025.0,0.66705,3000.0
2025-09-18T19:35:07.755138,0.66193,2025.0,0.66705,3000.0
2025-09-18T19:35:08.035838,0.66193,2025.0,0.66705,3000.0
2025-09-18T19:35:08.036188,0.66193,2025.0,0.66705,3000.0
2025-09-18T19:35:08.183408,0.66193,2025.0,0.66705,3000.0
2025-09-18T19:35:08.186715,0.66193,2025.0,0.66705,3000.0
2025-09-18T19:35:08.248990,0.66193,2025.0,0.66705,3000.0
2025-09-18T19:35:08.256806,0.66193,2025.0,0.66705,3000.0
2025-09-18T19:35:08.260871,0.66193,2025.0,0.66705,3000.0
2025-09-18T19:35:08.306221,0.66193,2025.0,0.66705,3000.0
2025-09-18T19:35:08.311532,0.66193,922.5,0.66705,3000.0
2025-09-18T19:35:08.522823,0.66193,922.5,0.66705,3000.0
2025-09-18T19:35:08.530005,0.66193,922.5,0.66705,3000.0
2025-09-18T19:35:08.542334,0.66193,922.5,0.66705,3000.0
2025-09-18T19:35:08.596357,0.66193,922.5,0.66705,3000.0
2025-09-18T19:35:08.601099,0.66,2427.3,0.66705,3000.0
2025-09-18T19:35:08.632874,0.66,2427.3,0.66705,3000.0
2025-09-18T19:35:08.644461,0.66,1700.7,0.66705,3000.0
2025-09-18T19:35:08.757210,0.66,1700.7,0.66705,3000.0
2025-09-18T19:35:08.762472,0.66,1700.7,0.66705,3000.0
2025-09-18T19:35:09.274348,0.66,1700.7,0.66705,3000.0
2025-09-18T19:35:09.283925,0.66,1700.7,0.66705,3000.0
2025-09-18T19:35:09.561567,0.66,1700.7,0.66705,3000.0
2025-09-18T19:35:09.563532,0.66,1700.7,0.66705,3000.0
2025-09-18T19:35:09.574143,0.66,638.4,0.66705,3000.0
2025-09-18T19:35:09.575652,0.66,638.4,0.66705,3000.0
2025-09-18T19:35:09.671205,0.66,638.4,0.66705,3000.0
2025-09-18T19:35:09.671620,0.66,104.6,0.66705,3000.0
2025-09-18T19:35:09.672636,0.66,104.6,0.66705,3000.0
2025-09-18T19:35:09.905809,0.66,104.6,0.66705,3000.0
2025-09-18T19:35:09.907002,0.65701,2750.6,0.66705,3000.0
2025-09-18T19:35:09.908270,0.65701,2750.6,0.66705,3000.0
2025-09-18T19:35:09.931123,0.65701,2750.6,0.66705,3000.0
2025-09-18T19:35:09.933141,0.65701,2750.6,0.66705,3000.0
2025-09-18T19:35:09.933649,0.65701,2750.6,0.66705,3000.0
2025-09-18T19:35:10.014724,0.65701,2750.6,0.66705,3000.0
2025-09-18T19:35:10.019110,0.65701,2750.6,0.66705,3000.0
2025-09-18T19:35:10.023147,0.65701,2750.6,0.66705,3000.0
2025-09-18T19:35:10.092692,0.65701,2156.4,0.66705,3000.0
2025-09-18T19:35:10.094250,0.65701,2156.4,0.66705,3000.0
2025-09-18T19:35:10.099497,0.65701,2156.4,0.66705,3000.0
2025-09-18T19:35:10.127646,0.65701,2156.4,0.66705,3000.0
2025-09-18T19:35:10.130004,0.65701,2156.4,0.66705,3000.0
